<?xml version="1.0" encoding="UTF-8"?>
<!DOCTYPE html PUBLIC "-//W3C//DTD XHTML 1.0 Transitional//EN"
    "http://www.w3.org/TR/xhtml1/DTD/xhtml1-transitional.dtd">
<html xmlns="http://www.w3.org/1999/xhtml" xml:lang="en" lang="en">
 <head>
  <title>
</title>
<meta http-equiv="Content-Type" content="text/html;charset=utf-8" />
  <meta name='ocr-system' content='tesseract 3.04.00' />
  <meta name='ocr-capabilities' content='ocr_page ocr_carea ocr_par ocr_line ocrx_word'/>
</head>
<body>
  <div class='ocr_page' id='page_1' title='image "./delegationibusr00btgoog_0053.png"; bbox 0 0 3400 5300; ppageno 0'>
   <div class='ocr_carea' id='block_1_1' title="bbox 1345 322 1769 382">
    <p class='ocr_par' dir='ltr' id='par_1_1' title="bbox 1345 322 1769 382">
     <span class='ocr_line' id='line_1_1' title="bbox 1345 322 1769 382; baseline 0.002 -20"><span class='ocrx_word' id='word_1_1' title='bbox 1345 322 1769 382; x_wconf 69' lang='lat'>-51-</span> 
     </span>
    </p>
   </div>
   <div class='ocr_carea' id='block_1_2' title="bbox 495 553 1759 703">
    <p class='ocr_par' dir='ltr' id='par_1_2' title="bbox 495 553 1759 703">
     <span class='ocr_line' id='line_1_2' title="bbox 1353 553 1759 637; baseline 0 -19"><span class='ocrx_word' id='word_1_2' title='bbox 1353 553 1428 619; x_wconf 93' lang='lat' dir='ltr'><strong>B.</strong></span> <span class='ocrx_word' id='word_1_3' title='bbox 1473 554 1530 619; x_wconf 90' lang='lat' dir='ltr'><strong>R</strong></span> <span class='ocrx_word' id='word_1_4' title='bbox 1547 573 1584 620; x_wconf 92' lang='lat' dir='ltr'><strong>e</strong></span> <span class='ocrx_word' id='word_1_5' title='bbox 1598 574 1640 637; x_wconf 91' lang='lat' dir='ltr'><strong>g</strong></span> <span class='ocrx_word' id='word_1_6' title='bbox 1657 573 1692 618; x_wconf 90' lang='lat' dir='ltr'><strong>e</strong></span> <span class='ocrx_word' id='word_1_7' title='bbox 1710 574 1759 619; x_wconf 90' lang='lat' dir='ltr'><strong>s.</strong></span> 
     </span>
     <span class='ocr_line' id='line_1_3' title="bbox 495 637 1059 703; baseline 0 0"><span class='ocrx_word' id='word_1_8' title='bbox 495 648 540 703; x_wconf 90' lang='grc'><strong>1.</strong></span> <span class='ocrx_word' id='word_1_9' title='bbox 588 637 803 703; x_wconf 80' lang='lat' dir='ltr'><strong>Locus</strong></span> <span class='ocrx_word' id='word_1_10' title='bbox 844 639 1059 703; x_wconf 70' lang='lat' dir='ltr'><strong>lautia.</strong></span> 
     </span>
    </p>
   </div>
   <div class='ocr_carea' id='block_1_3' title="bbox 302 747 2811 4128">
    <p class='ocr_par' dir='ltr' id='par_1_3' title="bbox 307 747 2811 1820">
     <span class='ocr_line' id='line_1_4' title="bbox 481 747 2808 832; baseline -0.001 -16"><span class='ocrx_word' id='word_1_11' title='bbox 481 752 691 832; x_wconf 81' lang='lat' dir='ltr'>Reges</span> <span class='ocrx_word' id='word_1_12' title='bbox 734 751 1002 815; x_wconf 87' lang='lat' dir='ltr'>Romam</span> <span class='ocrx_word' id='word_1_13' title='bbox 1045 748 1379 815; x_wconf 86' lang='lat' dir='ltr'><strong>venientes</strong></span> <span class='ocrx_word' id='word_1_14' title='bbox 1431 767 1574 813; x_wconf 90' lang='lat' dir='ltr'><strong>cum</strong></span> <span class='ocrx_word' id='word_1_15' title='bbox 1617 768 1870 832; x_wconf 88' lang='lat' dir='ltr'><strong>semper</strong></span> <span class='ocrx_word' id='word_1_16' title='bbox 1913 747 2118 830; x_wconf 88' lang='lat' dir='ltr'><strong>magis</strong></span> <span class='ocrx_word' id='word_1_17' title='bbox 2160 747 2459 812; x_wconf 89' lang='lat' dir='ltr'><strong>honorari</strong></span> <span class='ocrx_word' id='word_1_18' title='bbox 2503 749 2808 830; x_wconf 79' lang='lat' dir='ltr'><strong>solerent,</strong></span> 
     </span>
     <span class='ocr_line' id='line_1_5' title="bbox 311 858 2811 945; baseline -0.001 -19"><span class='ocrx_word' id='word_1_19' title='bbox 311 881 504 944; x_wconf 92' lang='lat' dir='ltr'><strong>quam</strong></span> <span class='ocrx_word' id='word_1_20' title='bbox 547 861 927 945; x_wconf 91' lang='lat' dir='ltr'><strong>populorum</strong></span> <span class='ocrx_word' id='word_1_21' title='bbox 972 858 1186 941; x_wconf 90' lang='lat' dir='ltr'><strong>legati,</strong></span> <span class='ocrx_word' id='word_1_22' title='bbox 1233 859 1461 923; x_wconf 91' lang='lat' dir='ltr'><strong>mirum</strong></span> <span class='ocrx_word' id='word_1_23' title='bbox 1503 880 1635 924; x_wconf 94' lang='lat' dir='ltr'><strong>non</strong></span> <span class='ocrx_word' id='word_1_24' title='bbox 1679 865 1797 940; x_wconf 90' lang='lat' dir='ltr'><strong>est,</strong></span> <span class='ocrx_word' id='word_1_25' title='bbox 1845 858 2013 941; x_wconf 88' lang='lat' dir='ltr'><strong>quod</strong></span> <span class='ocrx_word' id='word_1_26' title='bbox 2048 859 2116 924; x_wconf 94' lang='lat' dir='ltr'><strong>in</strong></span> <span class='ocrx_word' id='word_1_27' title='bbox 2147 877 2257 924; x_wconf 91' lang='lat' dir='ltr'><strong>eos</strong></span> <span class='ocrx_word' id='word_1_28' title='bbox 2286 859 2352 923; x_wconf 93' lang='lat' dir='ltr'><strong>in</strong></span> <span class='ocrx_word' id='word_1_29' title='bbox 2382 858 2811 942; x_wconf 81' lang='lat' dir='ltr'><strong>hospitalibus</strong></span> 
     </span>
     <span class='ocr_line' id='line_1_6' title="bbox 311 967 2809 1055; baseline -0.002 -18"><span class='ocrx_word' id='word_1_30' title='bbox 311 990 559 1055; x_wconf 89' lang='lat' dir='ltr'><strong>quoque</strong></span> <span class='ocrx_word' id='word_1_31' title='bbox 615 969 1003 1055; x_wconf 80' lang='lat' dir='ltr'><strong>praebendis</strong></span> <span class='ocrx_word' id='word_1_32' title='bbox 1059 969 1332 1034; x_wconf 91' lang='lat' dir='ltr'><strong>Romani</strong></span> <span class='ocrx_word' id='word_1_33' title='bbox 1396 988 1641 1034; x_wconf 87' lang='lat' dir='ltr'><strong>summe</strong></span> <span class='ocrx_word' id='word_1_34' title='bbox 1699 967 1958 1034; x_wconf 87' lang='lat' dir='ltr'><strong>officiosi</strong></span> <span class='ocrx_word' id='word_1_35' title='bbox 2018 976 2218 1035; x_wconf 90' lang='lat' dir='ltr'><strong>erant.</strong></span> <span class='ocrx_word' id='word_1_36' title='bbox 2306 969 2406 1033; x_wconf 90' lang='lat' dir='ltr'><strong>Ita</strong></span> <span class='ocrx_word' id='word_1_37' title='bbox 2460 968 2809 1051; x_wconf 86' lang='lat' dir='ltr'><strong>Masgabae</strong></span> 
     </span>
     <span class='ocr_line' id='line_1_7' title="bbox 310 1077 2810 1162; baseline -0.002 -15"><span class='ocrx_word' id='word_1_38' title='bbox 310 1081 691 1147; x_wconf 87' lang='lat' dir='ltr'><strong>Masinissae</strong></span> <span class='ocrx_word' id='word_1_39' title='bbox 746 1079 875 1144; x_wconf 92' lang='lat' dir='ltr'><strong>filio</strong></span> <span class='ocrx_word' id='word_1_40' title='bbox 920 1079 1198 1144; x_wconf 85' lang='lat' dir='ltr'><strong>Puteolis</strong></span> <span class='ocrx_word' id='word_1_41' title='bbox 1253 1098 1422 1144; x_wconf 86' lang='lat' dir='ltr'><strong>nave</strong></span> <span class='ocrx_word' id='word_1_42' title='bbox 1467 1098 1724 1162; x_wconf 90' lang='lat' dir='ltr'><strong>egresso</strong></span> <span class='ocrx_word' id='word_1_43' title='bbox 1779 1099 1836 1144; x_wconf 89' lang='lat' dir='ltr'><strong>a.</strong></span> <span class='ocrx_word' id='word_1_44' title='bbox 1885 1081 2157 1156; x_wconf 89' lang='grc'>5861168</span> <span class='ocrx_word' id='word_1_45' title='bbox 2214 1084 2470 1162; x_wconf 90' lang='lat' dir='ltr'><strong>praesto</strong></span> <span class='ocrx_word' id='word_1_46' title='bbox 2527 1077 2645 1143; x_wconf 80' lang='lat' dir='ltr'><strong>fuit</strong></span> <span class='ocrx_word' id='word_1_47' title='bbox 2699 1078 2810 1143; x_wconf 91' lang='lat' dir='ltr'><strong>ob·</strong></span> 
     </span>
     <span class='ocr_line' id='line_1_8' title="bbox 310 1189 2803 1272; baseline -0.002 -16"><span class='ocrx_word' id='word_1_48' title='bbox 310 1191 482 1256; x_wconf 78' lang='lat' dir='ltr'><strong>viam</strong></span> <span class='ocrx_word' id='word_1_49' title='bbox 539 1191 768 1256; x_wconf 90' lang='lat' dir='ltr'><strong>missus</strong></span> <span class='ocrx_word' id='word_1_50' title='bbox 825 1207 967 1254; x_wconf 91' lang='lat' dir='ltr'><strong>cum</strong></span> <span class='ocrx_word' id='word_1_51' title='bbox 1023 1189 1296 1272; x_wconf 91' lang='lat' dir='ltr'><strong>pecunia</strong></span> <span class='ocrx_word' id='word_1_52' title='bbox 1345 1189 1418 1254; x_wconf 88' lang='lat' dir='ltr'><strong>L.</strong></span> <span class='ocrx_word' id='word_1_53' title='bbox 1462 1189 1741 1255; x_wconf 92' lang='lat' dir='ltr'><strong>Manlius</strong></span> <span class='ocrx_word' id='word_1_54' title='bbox 1796 1196 2123 1272; x_wconf 78' lang='lat' dir='ltr'><strong>quaestor,</strong></span> <span class='ocrx_word' id='word_1_55' title='bbox 2183 1189 2289 1271; x_wconf 91' lang='lat' dir='ltr'><strong>qui</strong></span> <span class='ocrx_word' id='word_1_56' title='bbox 2332 1189 2601 1253; x_wconf 86' lang='lat' dir='ltr'><strong>Romam</strong></span> <span class='ocrx_word' id='word_1_57' title='bbox 2662 1206 2803 1252; x_wconf 91' lang='lat' dir='ltr'><strong>eum</strong></span> 
     </span>
     <span class='ocr_line' id='line_1_9' title="bbox 309 1296 2807 1385; baseline -0.002 -19"><span class='ocrx_word' id='word_1_58' title='bbox 309 1301 564 1385; x_wconf 90' lang='lat' dir='ltr'><strong>publico</strong></span> <span class='ocrx_word' id='word_1_59' title='bbox 609 1306 865 1383; x_wconf 87' lang='lat' dir='ltr'><strong>sumptu</strong></span> <span class='ocrx_word' id='word_1_60' title='bbox 908 1299 1285 1382; x_wconf 90' lang='lat' dir='ltr'><strong>perduceret</strong></span> <span class='ocrx_word' id='word_1_61' title='bbox 1325 1296 1492 1384; x_wconf 87' lang='lat' dir='ltr'><strong>(Liv.</strong></span> <span class='ocrx_word' id='word_1_62' title='bbox 1538 1298 1740 1382; x_wconf 86' lang='lat' dir='ltr'>XLV,</span> <span class='ocrx_word' id='word_1_63' title='bbox 1794 1302 1926 1382; x_wconf 85' lang='lat'>13);</span> <span class='ocrx_word' id='word_1_64' title='bbox 1974 1296 2199 1364; x_wconf 90' lang='lat' dir='ltr'><strong>eodem</strong></span> <span class='ocrx_word' id='word_1_65' title='bbox 2245 1318 2416 1363; x_wconf 91' lang='lat' dir='ltr'><strong>anno</strong></span> <span class='ocrx_word' id='word_1_66' title='bbox 2463 1298 2535 1363; x_wconf 89' lang='lat' dir='ltr'><strong>L.</strong></span> <span class='ocrx_word' id='word_1_67' title='bbox 2583 1297 2807 1364; x_wconf 87' lang='lat' dir='ltr'><strong>Sterti-</strong></span> 
     </span>
     <span class='ocr_line' id='line_1_10' title="bbox 307 1406 2809 1493; baseline -0.002 -17"><span class='ocrx_word' id='word_1_68' title='bbox 307 1411 454 1477; x_wconf 92' lang='lat' dir='ltr'><strong>nius</strong></span> <span class='ocrx_word' id='word_1_69' title='bbox 498 1417 794 1493; x_wconf 85' lang='lat' dir='ltr'><strong>quaestor</strong></span> <span class='ocrx_word' id='word_1_70' title='bbox 836 1406 1266 1474; x_wconf 88' lang='lat' dir='ltr'><strong>Brundusium</strong></span> <span class='ocrx_word' id='word_1_71' title='bbox 1311 1415 1409 1476; x_wconf 89' lang='lat' dir='ltr'><strong>est</strong></span> <span class='ocrx_word' id='word_1_72' title='bbox 1451 1409 1682 1474; x_wconf 88' lang='lat' dir='ltr'><strong>missus</strong></span> <span class='ocrx_word' id='word_1_73' title='bbox 1727 1407 1813 1474; x_wconf 93' lang='lat' dir='ltr'><strong>ad</strong></span> <span class='ocrx_word' id='word_1_74' title='bbox 1855 1407 2267 1492; x_wconf 85' lang='lat' dir='ltr'><strong>Misagenem,</strong></span> <span class='ocrx_word' id='word_1_75' title='bbox 2313 1410 2585 1474; x_wconf 89' lang='lat' dir='ltr'><strong>alterum</strong></span> <span class='ocrx_word' id='word_1_76' title='bbox 2621 1408 2809 1474; x_wconf 88' lang='lat' dir='ltr'><strong>Masi-</strong></span> 
     </span>
     <span class='ocr_line' id='line_1_11' title="bbox 309 1517 2804 1602; baseline -0.002 -16"><span class='ocrx_word' id='word_1_77' title='bbox 309 1521 526 1587; x_wconf 87' lang='lat' dir='ltr'><strong>nissae</strong></span> <span class='ocrx_word' id='word_1_78' title='bbox 568 1519 797 1599; x_wconf 90' lang='lat' dir='ltr'><strong>filium,</strong></span> <span class='ocrx_word' id='word_1_79' title='bbox 856 1538 1154 1601; x_wconf 87' lang='lat' dir='ltr'><strong>aegrum,</strong></span> <span class='ocrx_word' id='word_1_80' title='bbox 1213 1520 1336 1601; x_wconf 43' lang='lat' dir='ltr'><strong>qui,</strong></span> <span class='ocrx_word' id='word_1_81' title='bbox 1365 1525 1646 1601; x_wconf 78' lang='lat' dir='ltr'><strong>curaret,</strong></span> <span class='ocrx_word' id='word_1_82' title='bbox 1715 1524 1783 1582; x_wconf 90' lang='lat' dir='ltr'><strong>ut</strong></span> <span class='ocrx_word' id='word_1_83' title='bbox 1826 1517 2024 1584; x_wconf 90' lang='lat' dir='ltr'><strong>aedes</strong></span> <span class='ocrx_word' id='word_1_84' title='bbox 2069 1519 2345 1602; x_wconf 87' lang='lat' dir='ltr'><strong>hospitio</strong></span> <span class='ocrx_word' id='word_1_85' title='bbox 2387 1519 2556 1602; x_wconf 88' lang='lat' dir='ltr'><strong>regi,</strong></span> <span class='ocrx_word' id='word_1_86' title='bbox 2618 1518 2804 1584; x_wconf 87' lang='lat' dir='ltr'><strong>simul</strong></span> 
     </span>
     <span class='ocr_line' id='line_1_12' title="bbox 310 1628 2805 1722; baseline -0.002 -26"><span class='ocrx_word' id='word_1_87' title='bbox 310 1631 524 1722; x_wconf 77' lang='lat' dir='ltr'><strong>omnia</strong></span> <span class='ocrx_word' id='word_1_88' title='bbox 553 1648 718 1713; x_wconf 89' lang='lat' dir='ltr'><strong>quae</strong></span> <span class='ocrx_word' id='word_1_89' title='bbox 748 1629 832 1694; x_wconf 91' lang='lat' dir='ltr'><strong>ad</strong></span> <span class='ocrx_word' id='word_1_90' title='bbox 861 1628 1296 1695; x_wconf 87' lang='lat' dir='ltr'><strong>valetudinem</strong></span> <span class='ocrx_word' id='word_1_91' title='bbox 1328 1649 1487 1713; x_wconf 90' lang='lat' dir='ltr'><strong>opus</strong></span> <span class='ocrx_word' id='word_1_92' title='bbox 1517 1634 1755 1712; x_wconf 85' lang='lat' dir='ltr'><strong>essent,</strong></span> <span class='ocrx_word' id='word_1_93' title='bbox 1787 1629 2249 1713; x_wconf 86' lang='lat' dir='ltr'><strong>praeberentur</strong></span> <span class='ocrx_word' id='word_1_94' title='bbox 2279 1628 2441 1707; x_wconf 86' lang='lat' dir='ltr'><strong>(Liv.</strong></span> <span class='ocrx_word' id='word_1_95' title='bbox 2467 1629 2666 1711; x_wconf 89' lang='lat' dir='ltr'><strong>XLV,</strong></span> <span class='ocrx_word' id='word_1_96' title='bbox 2706 1634 2805 1693; x_wconf 90' lang='lat'><strong>14.</strong></span> 
     </span>
     <span class='ocr_line' id='line_1_13' title="bbox 310 1740 1448 1820; baseline -0.003 -14"><span class='ocrx_word' id='word_1_97' title='bbox 310 1741 453 1807; x_wconf 89' lang='lat' dir='ltr'><strong>Val.</strong></span> <span class='ocrx_word' id='word_1_98' title='bbox 500 1741 670 1806; x_wconf 80' lang='lat' dir='ltr'><strong>Max,</strong></span> <span class='ocrx_word' id='word_1_99' title='bbox 713 1741 789 1806; x_wconf 87' lang='lat' dir='ltr'><strong>V.</strong></span> <span class='ocrx_word' id='word_1_100' title='bbox 833 1740 886 1820; x_wconf 96' lang='grc' dir='ltr'><strong>Ι,</strong></span> <span class='ocrx_word' id='word_1_101' title='bbox 939 1743 1014 1816; x_wconf 92' lang='grc'><strong>1).</strong></span> <span class='ocrx_word' id='word_1_102' title='bbox 1443 1811 1448 1818; x_wconf 84' lang='lat'><strong>.</strong></span> 
     </span>
    </p>

    <p class='ocr_par' dir='ltr' id='par_1_4' title="bbox 303 1847 2807 3580">
     <span class='ocr_line' id='line_1_14' title="bbox 476 1847 2807 1933; baseline 0 -19"><span class='ocrx_word' id='word_1_103' title='bbox 476 1851 640 1916; x_wconf 90' lang='lat' dir='ltr'><strong>Item</strong></span> <span class='ocrx_word' id='word_1_104' title='bbox 683 1849 949 1916; x_wconf 86' lang='lat' dir='ltr'><strong>Prusiae</strong></span> <span class='ocrx_word' id='word_1_105' title='bbox 1002 1849 1074 1914; x_wconf 89' lang='lat' dir='ltr'><strong>L.</strong></span> <span class='ocrx_word' id='word_1_106' title='bbox 1123 1847 1456 1916; x_wconf 83' lang='lat' dir='ltr'><strong>Cornelius</strong></span> <span class='ocrx_word' id='word_1_107' title='bbox 1501 1849 1715 1933; x_wconf 87' lang='lat' dir='ltr'><strong>Scipio</strong></span> <span class='ocrx_word' id='word_1_108' title='bbox 1775 1856 2073 1932; x_wconf 80' lang='lat' dir='ltr'><strong>quaestor</strong></span> <span class='ocrx_word' id='word_1_109' title='bbox 2127 1850 2383 1915; x_wconf 86' lang='lat' dir='ltr'><strong>obviam</strong></span> <span class='ocrx_word' id='word_1_110' title='bbox 2435 1847 2664 1915; x_wconf 86' lang='lat' dir='ltr'><strong>missus</strong></span> <span class='ocrx_word' id='word_1_111' title='bbox 2710 1855 2807 1914; x_wconf 88' lang='lat' dir='ltr'><strong>est</strong></span> 
     </span>
     <span class='ocr_line' id='line_1_15' title="bbox 307 1943 2801 2044; baseline -0.002 -18"><span class='ocrx_word' id='word_1_112' title='bbox 307 1943 406 2026; x_wconf 47' lang='lat' dir='ltr'><strong>af</strong></span> <span class='ocrx_word' id='word_1_113' title='bbox 437 1961 738 2041; x_wconf 88' lang='grc'>5871167,</span> <span class='ocrx_word' id='word_1_114' title='bbox 814 1961 922 2043; x_wconf 91' lang='lat' dir='ltr'><strong>qui</strong></span> <span class='ocrx_word' id='word_1_115' title='bbox 996 1979 1138 2026; x_wconf 91' lang='lat' dir='ltr'><strong>eum</strong></span> <span class='ocrx_word' id='word_1_116' title='bbox 1213 1966 1470 2043; x_wconf 92' lang='lat' dir='ltr'><strong>sumptu</strong></span> <span class='ocrx_word' id='word_1_117' title='bbox 1541 1960 1799 2044; x_wconf 92' lang='lat' dir='ltr'><strong>publico</strong></span> <span class='ocrx_word' id='word_1_118' title='bbox 1862 1961 2129 2026; x_wconf 86' lang='lat' dir='ltr'><strong>Romam</strong></span> <span class='ocrx_word' id='word_1_119' title='bbox 2195 1958 2573 2044; x_wconf 91' lang='lat' dir='ltr'><strong>perduceret</strong></span> <span class='ocrx_word' id='word_1_120' title='bbox 2638 1958 2801 2036; x_wconf 87' lang='lat' dir='ltr'><strong>(Liv.</strong></span> 
     </span>
     <span class='ocr_line' id='line_1_16' title="bbox 307 2069 2804 2154; baseline -0.001 -17"><span class='ocrx_word' id='word_1_121' title='bbox 307 2069 506 2153; x_wconf 86' lang='lat' dir='ltr'><strong>XLV,</strong></span> <span class='ocrx_word' id='word_1_122' title='bbox 553 2073 681 2147; x_wconf 91' lang='grc'>44).</span> <span class='ocrx_word' id='word_1_123' title='bbox 768 2071 994 2152; x_wconf 90' lang='lat' dir='ltr'><strong>Itaque</strong></span> <span class='ocrx_word' id='word_1_124' title='bbox 1049 2089 1190 2134; x_wconf 90' lang='lat' dir='ltr'><strong>cum</strong></span> <span class='ocrx_word' id='word_1_125' title='bbox 1248 2070 1654 2136; x_wconf 86' lang='lat' dir='ltr'><strong>Ptolemaeus</strong></span> <span class='ocrx_word' id='word_1_126' title='bbox 1699 2070 2087 2135; x_wconf 89' lang='lat' dir='ltr'><strong>Philometor</strong></span> <span class='ocrx_word' id='word_1_127' title='bbox 2150 2089 2187 2136; x_wconf 90' lang='lat' dir='ltr'><strong>e</strong></span> <span class='ocrx_word' id='word_1_128' title='bbox 2240 2088 2440 2153; x_wconf 86' lang='lat' dir='ltr'><strong>regno</strong></span> <span class='ocrx_word' id='word_1_129' title='bbox 2502 2070 2804 2154; x_wconf 88' lang='lat' dir='ltr'><strong>expulsus</strong></span> 
     </span>
     <span class='ocr_line' id='line_1_17' title="bbox 305 2179 2803 2261; baseline -0.002 -15"><span class='ocrx_word' id='word_1_130' title='bbox 305 2182 576 2246; x_wconf 86' lang='lat' dir='ltr'><strong>Romam</strong></span> <span class='ocrx_word' id='word_1_131' title='bbox 633 2199 694 2245; x_wconf 89' lang='lat' dir='ltr'><strong>a.</strong></span> <span class='ocrx_word' id='word_1_132' title='bbox 754 2182 1023 2256; x_wconf 85' lang='grc'>5891165</span> <span class='ocrx_word' id='word_1_133' title='bbox 1089 2179 1253 2245; x_wconf 91' lang='lat' dir='ltr'><strong>clam</strong></span> <span class='ocrx_word' id='word_1_134' title='bbox 1317 2179 1627 2260; x_wconf 87' lang='lat' dir='ltr'><strong>venisset,</strong></span> <span class='ocrx_word' id='word_1_135' title='bbox 1693 2187 1955 2245; x_wconf 87' lang='lat' dir='ltr'><strong>senatus</strong></span> <span class='ocrx_word' id='word_1_136' title='bbox 2011 2180 2423 2246; x_wconf 84' lang='lat' dir='ltr'><strong>excusatione</strong></span> <span class='ocrx_word' id='word_1_137' title='bbox 2478 2201 2629 2245; x_wconf 88' lang='lat' dir='ltr'><strong>usus</strong></span> <span class='ocrx_word' id='word_1_138' title='bbox 2688 2185 2803 2261; x_wconf 89' lang='lat' dir='ltr'><strong>est,</strong></span> 
     </span>
     <span class='ocr_line' id='line_1_18' title="bbox 309 2288 2805 2374; baseline 0 -20"><span class='ocrx_word' id='word_1_139' title='bbox 309 2289 480 2374; x_wconf 83' lang='lat' dir='ltr'><strong>quod</strong></span> <span class='ocrx_word' id='word_1_140' title='bbox 507 2295 924 2371; x_wconf 75' lang='lat' dir='ltr'><strong>‚quaestorem</strong></span> <span class='ocrx_word' id='word_1_141' title='bbox 968 2289 1064 2353; x_wconf 92' lang='lat' dir='ltr'><strong>illi</strong></span> <span class='ocrx_word' id='word_1_142' title='bbox 1109 2309 1286 2354; x_wconf 90' lang='lat' dir='ltr'><strong>more</strong></span> <span class='ocrx_word' id='word_1_143' title='bbox 1327 2289 1635 2354; x_wconf 89' lang='lat' dir='ltr'><strong>maiorum</strong></span> <span class='ocrx_word' id='word_1_144' title='bbox 1681 2288 1938 2355; x_wconf 88' lang='lat' dir='ltr'><strong>obviam</strong></span> <span class='ocrx_word' id='word_1_145' title='bbox 1969 2308 2100 2354; x_wconf 92' lang='lat' dir='ltr'><strong>non</strong></span> <span class='ocrx_word' id='word_1_146' title='bbox 2130 2289 2425 2370; x_wconf 90' lang='lat' dir='ltr'><strong>misisset,</strong></span> <span class='ocrx_word' id='word_1_147' title='bbox 2470 2289 2539 2355; x_wconf 93' lang='lat' dir='ltr'><strong>id</strong></span> <span class='ocrx_word' id='word_1_148' title='bbox 2568 2289 2805 2355; x_wconf 88' lang='lat' dir='ltr'><strong>factum</strong></span> 
     </span>
     <span class='ocr_line' id='line_1_19' title="bbox 308 2397 2805 2480; baseline 0 -15"><span class='ocrx_word' id='word_1_149' title='bbox 308 2418 452 2465; x_wconf 92' lang='lat' dir='ltr'><strong>esse</strong></span> <span class='ocrx_word' id='word_1_150' title='bbox 496 2399 634 2464; x_wconf 90' lang='lat' dir='ltr'><strong>eius</strong></span> <span class='ocrx_word' id='word_1_151' title='bbox 677 2398 888 2465; x_wconf 89' lang='lat' dir='ltr'><strong>subito</strong></span> <span class='ocrx_word' id='word_1_152' title='bbox 933 2405 997 2464; x_wconf 91' lang='lat' dir='ltr'><strong>et</strong></span> <span class='ocrx_word' id='word_1_153' title='bbox 1040 2397 1438 2464; x_wconf 89' lang='lat' dir='ltr'><strong>clandestino</strong></span> <span class='ocrx_word' id='word_1_154' title='bbox 1481 2399 1784 2466; x_wconf 85' lang='lat' dir='ltr'><strong>adventu.</strong></span> <span class='ocrx_word' id='word_1_155' title='bbox 1852 2399 2019 2478; x_wconf 91' lang='lat' dir='ltr'><strong>(Val.</strong></span> <span class='ocrx_word' id='word_1_156' title='bbox 2060 2400 2231 2464; x_wconf 79' lang='lat' dir='ltr'><strong>Max,</strong></span> <span class='ocrx_word' id='word_1_157' title='bbox 2266 2398 2340 2463; x_wconf 90' lang='lat' dir='ltr'><strong>V.</strong></span> <span class='ocrx_word' id='word_1_158' title='bbox 2385 2400 2436 2480; x_wconf 92' lang='lat'><strong>1,</strong></span> <span class='ocrx_word' id='word_1_159' title='bbox 2489 2403 2566 2478; x_wconf 90' lang='lat'><strong>1).</strong></span> <span class='ocrx_word' id='word_1_160' title='bbox 2625 2398 2805 2479; x_wconf 82' lang='lat' dir='ltr'><strong>Quae</strong></span> 
     </span>
     <span class='ocr_line' id='line_1_20' title="bbox 305 2507 2804 2594; baseline -0.001 -18"><span class='ocrx_word' id='word_1_161' title='bbox 305 2529 448 2576; x_wconf 89' lang='lat' dir='ltr'><strong>cum</strong></span> <span class='ocrx_word' id='word_1_162' title='bbox 492 2509 584 2573; x_wconf 89' lang='lat' dir='ltr'><strong>ita</strong></span> <span class='ocrx_word' id='word_1_163' title='bbox 627 2507 772 2590; x_wconf 88' lang='lat' dir='ltr'><strong>sint,</strong></span> <span class='ocrx_word' id='word_1_164' title='bbox 817 2507 884 2572; x_wconf 92' lang='lat' dir='ltr'><strong>in</strong></span> <span class='ocrx_word' id='word_1_165' title='bbox 927 2508 1295 2575; x_wconf 87' lang='lat' dir='ltr'><strong>universum</strong></span> <span class='ocrx_word' id='word_1_166' title='bbox 1339 2509 1532 2575; x_wconf 90' lang='lat' dir='ltr'><strong>statui</strong></span> <span class='ocrx_word' id='word_1_167' title='bbox 1576 2509 1749 2588; x_wconf 89' lang='lat' dir='ltr'><strong>licet,</strong></span> <span class='ocrx_word' id='word_1_168' title='bbox 1790 2509 2047 2594; x_wconf 84' lang='lat' dir='ltr'><strong>regibus</strong></span> <span class='ocrx_word' id='word_1_169' title='bbox 2077 2509 2267 2574; x_wconf 91' lang='lat' dir='ltr'><strong>sociis</strong></span> <span class='ocrx_word' id='word_1_170' title='bbox 2298 2509 2804 2591; x_wconf 74' lang='lat' dir='ltr'><strong>auctoritateque</strong></span> 
     </span>
     <span class='ocr_line' id='line_1_21' title="bbox 303 2618 2799 2703; baseline -0.001 -18"><span class='ocrx_word' id='word_1_171' title='bbox 303 2618 676 2685; x_wconf 89' lang='lat' dir='ltr'><strong>florentibus</strong></span> <span class='ocrx_word' id='word_1_172' title='bbox 745 2637 780 2684; x_wconf 91' lang='lat' dir='ltr'><strong>e</strong></span> <span class='ocrx_word' id='word_1_173' title='bbox 843 2624 1104 2685; x_wconf 87' lang='lat' dir='ltr'><strong>senatus</strong></span> <span class='ocrx_word' id='word_1_174' title='bbox 1169 2620 1455 2685; x_wconf 90' lang='lat' dir='ltr'><strong>consulto</strong></span> <span class='ocrx_word' id='word_1_175' title='bbox 1521 2625 1923 2703; x_wconf 90' lang='lat' dir='ltr'><strong>quaestorem</strong></span> <span class='ocrx_word' id='word_1_176' title='bbox 1981 2619 2237 2685; x_wconf 86' lang='lat' dir='ltr'><strong>obviam</strong></span> <span class='ocrx_word' id='word_1_177' title='bbox 2294 2619 2459 2684; x_wconf 87' lang='lat' dir='ltr'><strong>mitti</strong></span> <span class='ocrx_word' id='word_1_178' title='bbox 2515 2620 2799 2698; x_wconf 88' lang='lat' dir='ltr'><strong>solere¹).</strong></span> 
     </span>
     <span class='ocr_line' id='line_1_22' title="bbox 304 2728 2798 2814; baseline -0.002 -18"><span class='ocrx_word' id='word_1_179' title='bbox 304 2731 531 2814; x_wconf 85' lang='lat' dir='ltr'><strong>Itaque</strong></span> <span class='ocrx_word' id='word_1_180' title='bbox 575 2736 640 2795; x_wconf 90' lang='lat' dir='ltr'><strong>et</strong></span> <span class='ocrx_word' id='word_1_181' title='bbox 680 2728 1034 2810; x_wconf 89' lang='lat' dir='ltr'><strong>Athenaeo,</strong></span> <span class='ocrx_word' id='word_1_182' title='bbox 1083 2729 1386 2795; x_wconf 87' lang='lat' dir='ltr'><strong>Eumenis</strong></span> <span class='ocrx_word' id='word_1_183' title='bbox 1428 2729 1606 2795; x_wconf 90' lang='lat' dir='ltr'><strong>fratri</strong></span> <span class='ocrx_word' id='word_1_184' title='bbox 1652 2749 1713 2794; x_wconf 90' lang='lat' dir='ltr'><strong>a.</strong></span> <span class='ocrx_word' id='word_1_185' title='bbox 1761 2732 2029 2802; x_wconf 88' lang='grc'>5711183</span> <span class='ocrx_word' id='word_1_186' title='bbox 2077 2730 2239 2803; x_wconf 90' lang='lat' dir='ltr'><strong>(Pol.</strong></span> <span class='ocrx_word' id='word_1_187' title='bbox 2270 2728 2515 2813; x_wconf 89' lang='lat' dir='ltr'><strong>XXIV,</strong></span> <span class='ocrx_word' id='word_1_188' title='bbox 2560 2734 2613 2795; x_wconf 91' lang='lat'><strong>1.</strong></span> <span class='ocrx_word' id='word_1_189' title='bbox 2658 2730 2798 2794; x_wconf 85' lang='lat' dir='ltr'><strong>Liv.</strong></span> 
     </span>
     <span class='ocr_line' id='line_1_23' title="bbox 304 2839 2802 2924; baseline 0 -19"><span class='ocrx_word' id='word_1_190' title='bbox 304 2840 623 2923; x_wconf 88' lang='lat' dir='ltr'><strong>XXXIX,</strong></span> <span class='ocrx_word' id='word_1_191' title='bbox 669 2842 774 2914; x_wconf 87' lang='grc'><strong>46)</strong></span> <span class='ocrx_word' id='word_1_192' title='bbox 821 2845 884 2902; x_wconf 91' lang='lat' dir='ltr'><strong>et</strong></span> <span class='ocrx_word' id='word_1_193' title='bbox 926 2839 1140 2903; x_wconf 90' lang='lat' dir='ltr'><strong>Attalo</strong></span> <span class='ocrx_word' id='word_1_194' title='bbox 1185 2839 1446 2921; x_wconf 89' lang='lat' dir='ltr'><strong>eiusque</strong></span> <span class='ocrx_word' id='word_1_195' title='bbox 1489 2839 1789 2905; x_wconf 85' lang='lat' dir='ltr'><strong>fratribus</strong></span> <span class='ocrx_word' id='word_1_196' title='bbox 1835 2841 1996 2919; x_wconf 90' lang='lat' dir='ltr'><strong>(Pol.</strong></span> <span class='ocrx_word' id='word_1_197' title='bbox 2040 2840 2251 2922; x_wconf 91' lang='lat' dir='ltr'><strong>XXV,</strong></span> <span class='ocrx_word' id='word_1_198' title='bbox 2299 2844 2361 2914; x_wconf 90' lang='grc'><strong>6)</strong></span> <span class='ocrx_word' id='word_1_199' title='bbox 2407 2860 2467 2905; x_wconf 90' lang='lat' dir='ltr'><strong>a.</strong></span> <span class='ocrx_word' id='word_1_200' title='bbox 2509 2841 2802 2924; x_wconf 84' lang='grc'>5741180,</span> 
     </span>
     <span class='ocr_line' id='line_1_24' title="bbox 306 2948 2801 3031; baseline 0.001 -16"><span class='ocrx_word' id='word_1_201' title='bbox 306 2956 372 3015; x_wconf 89' lang='lat' dir='ltr'><strong>et</strong></span> <span class='ocrx_word' id='word_1_202' title='bbox 414 2948 685 3015; x_wconf 88' lang='lat' dir='ltr'><strong>Eumeni</strong></span> <span class='ocrx_word' id='word_1_203' title='bbox 741 2968 802 3012; x_wconf 92' lang='lat' dir='ltr'><strong>a.</strong></span> <span class='ocrx_word' id='word_1_204' title='bbox 850 2950 1123 3024; x_wconf 90' lang='grc'>5821172</span> <span class='ocrx_word' id='word_1_205' title='bbox 1176 2949 1336 3027; x_wconf 86' lang='lat' dir='ltr'><strong>(Liv.</strong></span> <span class='ocrx_word' id='word_1_206' title='bbox 1382 2949 1590 3031; x_wconf 89' lang='lat' dir='ltr'><strong>XLII,</strong></span> <span class='ocrx_word' id='word_1_207' title='bbox 1643 2953 1743 3025; x_wconf 87' lang='grc'><strong>14)</strong></span> <span class='ocrx_word' id='word_1_208' title='bbox 1802 2956 1866 3016; x_wconf 97' lang='lat' dir='ltr'><strong>et</strong></span> <span class='ocrx_word' id='word_1_209' title='bbox 1924 2952 2143 3016; x_wconf 88' lang='lat' dir='ltr'><strong>Attalo</strong></span> <span class='ocrx_word' id='word_1_210' title='bbox 2203 2970 2260 3015; x_wconf 91' lang='lat' dir='ltr'><strong>a.</strong></span> <span class='ocrx_word' id='word_1_211' title='bbox 2310 2952 2577 3027; x_wconf 88' lang='grc'>5871167</span> <span class='ocrx_word' id='word_1_212' title='bbox 2639 2951 2801 3029; x_wconf 91' lang='lat' dir='ltr'><strong>(Pol.</strong></span> 
     </span>
     <span class='ocr_line' id='line_1_25' title="bbox 305 3058 2805 3143; baseline 0.001 -18"><span class='ocrx_word' id='word_1_213' title='bbox 305 3059 524 3140; x_wconf 91' lang='lat' dir='ltr'><strong>XXX,</strong></span> <span class='ocrx_word' id='word_1_214' title='bbox 572 3063 629 3124; x_wconf 89' lang='grc'><strong>3.</strong></span> <span class='ocrx_word' id='word_1_215' title='bbox 677 3058 814 3123; x_wconf 88' lang='lat' dir='ltr'><strong>Liv.</strong></span> <span class='ocrx_word' id='word_1_216' title='bbox 861 3059 1057 3140; x_wconf 89' lang='lat' dir='ltr'><strong>XLV,</strong></span> <span class='ocrx_word' id='word_1_217' title='bbox 1111 3061 1265 3136; x_wconf 79' lang='lat'><strong>19²).</strong></span> <span class='ocrx_word' id='word_1_218' title='bbox 1330 3059 1516 3125; x_wconf 83' lang='lat' dir='ltr'><strong>Diod.</strong></span> <span class='ocrx_word' id='word_1_219' title='bbox 1563 3058 1813 3141; x_wconf 93' lang='lat' dir='ltr'><strong>XXXI,</strong></span> <span class='ocrx_word' id='word_1_220' title='bbox 1862 3063 1921 3135; x_wconf 89' lang='lat'><strong>7)</strong></span> <span class='ocrx_word' id='word_1_221' title='bbox 1969 3066 2033 3126; x_wconf 91' lang='lat' dir='ltr'><strong>et</strong></span> <span class='ocrx_word' id='word_1_222' title='bbox 2077 3061 2298 3125; x_wconf 91' lang='lat' dir='ltr'><strong>Attalo</strong></span> <span class='ocrx_word' id='word_1_223' title='bbox 2341 3060 2805 3143; x_wconf 88' lang='lat' dir='ltr'><strong>Athenaeoque</strong></span> 
     </span>
     <span class='ocr_line' id='line_1_26' title="bbox 304 3167 2800 3252; baseline -0.001 -17"><span class='ocrx_word' id='word_1_224' title='bbox 304 3188 363 3235; x_wconf 87' lang='lat' dir='ltr'><strong>a.</strong></span> <span class='ocrx_word' id='word_1_225' title='bbox 410 3170 682 3245; x_wconf 83' lang='lat' dir='ltr'>590s164</span> <span class='ocrx_word' id='word_1_226' title='bbox 739 3168 900 3243; x_wconf 88' lang='lat' dir='ltr'><strong>(Pol.</strong></span> <span class='ocrx_word' id='word_1_227' title='bbox 947 3169 1198 3250; x_wconf 91' lang='lat' dir='ltr'><strong>XXXI,</strong></span> <span class='ocrx_word' id='word_1_228' title='bbox 1247 3173 1309 3248; x_wconf 87' lang='grc'><strong>9)</strong></span> <span class='ocrx_word' id='word_1_229' title='bbox 1368 3176 1431 3235; x_wconf 91' lang='lat' dir='ltr'><strong>et</strong></span> <span class='ocrx_word' id='word_1_230' title='bbox 1486 3170 1739 3252; x_wconf 90' lang='lat' dir='ltr'><strong>Attalo,</strong></span> <span class='ocrx_word' id='word_1_231' title='bbox 1800 3170 2107 3235; x_wconf 88' lang='lat' dir='ltr'><strong>Eumenis</strong></span> <span class='ocrx_word' id='word_1_232' title='bbox 2165 3167 2362 3233; x_wconf 88' lang='lat' dir='ltr'><strong>filiolo</strong></span> <span class='ocrx_word' id='word_1_233' title='bbox 2420 3190 2481 3235; x_wconf 92' lang='lat' dir='ltr'><strong>a.</strong></span> <span class='ocrx_word' id='word_1_234' title='bbox 2530 3174 2800 3247; x_wconf 92' lang='grc'>6201152</span> 
     </span>
     <span class='ocr_line' id='line_1_27' title="bbox 306 3274 2799 3361; baseline -0.001 -17"><span class='ocrx_word' id='word_1_235' title='bbox 306 3278 466 3359; x_wconf 89' lang='lat' dir='ltr'><strong>(Pol.</strong></span> <span class='ocrx_word' id='word_1_236' title='bbox 511 3278 794 3361; x_wconf 89' lang='lat' dir='ltr'><strong>XXXII,</strong></span> <span class='ocrx_word' id='word_1_237' title='bbox 846 3281 947 3356; x_wconf 90' lang='grc'>16)</span> <span class='ocrx_word' id='word_1_238' title='bbox 989 3274 1058 3345; x_wconf 77' lang='lat' dir='ltr'><strong>&#39;et</strong></span> <span class='ocrx_word' id='word_1_239' title='bbox 1100 3280 1425 3345; x_wconf 89' lang='lat' dir='ltr'><strong>Ariarathi</strong></span> <span class='ocrx_word' id='word_1_240' title='bbox 1467 3299 1527 3344; x_wconf 92' lang='lat' dir='ltr'><strong>a.</strong></span> <span class='ocrx_word' id='word_1_241' title='bbox 1573 3278 1802 3359; x_wconf 87' lang='grc'>709145</span> <span class='ocrx_word' id='word_1_242' title='bbox 1848 3278 2002 3357; x_wconf 83' lang='lat' dir='ltr'><strong>(Cic.</strong></span> <span class='ocrx_word' id='word_1_243' title='bbox 2047 3278 2134 3344; x_wconf 92' lang='lat' dir='ltr'><strong>ad</strong></span> <span class='ocrx_word' id='word_1_244' title='bbox 2181 3280 2309 3345; x_wconf 85' lang='lat' dir='ltr'><strong>Att.</strong></span> <span class='ocrx_word' id='word_1_245' title='bbox 2340 3278 2526 3361; x_wconf 90' lang='lat' dir='ltr'><strong>XIII,</strong></span> <span class='ocrx_word' id='word_1_246' title='bbox 2571 3282 2633 3361; x_wconf 84' lang='lat'><strong>2,</strong></span> <span class='ocrx_word' id='word_1_247' title='bbox 2679 3283 2740 3357; x_wconf 84' lang='lat'><strong>2)</strong></span> <span class='ocrx_word' id='word_1_248' title='bbox 2754 3282 2799 3359; x_wconf 81' lang='lat'><strong>³)</strong></span> 
     </span>
     <span class='ocr_line' id='line_1_28' title="bbox 305 3386 2799 3474; baseline 0 -19"><span class='ocrx_word' id='word_1_249' title='bbox 305 3394 708 3472; x_wconf 87' lang='lat' dir='ltr'><strong>quaestorem</strong></span> <span class='ocrx_word' id='word_1_250' title='bbox 766 3408 908 3455; x_wconf 92' lang='lat' dir='ltr'><strong>esse</strong></span> <span class='ocrx_word' id='word_1_251' title='bbox 964 3390 1222 3455; x_wconf 87' lang='lat' dir='ltr'><strong>obviam</strong></span> <span class='ocrx_word' id='word_1_252' title='bbox 1267 3389 1562 3472; x_wconf 90' lang='lat' dir='ltr'><strong>missum,</strong></span> <span class='ocrx_word' id='word_1_253' title='bbox 1622 3390 1740 3455; x_wconf 89' lang='lat' dir='ltr'><strong>etsi</strong></span> <span class='ocrx_word' id='word_1_254' title='bbox 1786 3386 1962 3473; x_wconf 85' lang='lat' dir='ltr'><strong>apud</strong></span> <span class='ocrx_word' id='word_1_255' title='bbox 2004 3389 2343 3474; x_wconf 79' lang='lat' dir='ltr'><strong>scriptores</strong></span> <span class='ocrx_word' id='word_1_256' title='bbox 2389 3388 2626 3455; x_wconf 88' lang='lat' dir='ltr'><strong>diserte</strong></span> <span class='ocrx_word' id='word_1_257' title='bbox 2669 3410 2799 3455; x_wconf 92' lang='lat' dir='ltr'><strong>non</strong></span> 
     </span>
     <span class='ocr_line' id='line_1_29' title="bbox 305 3498 2141 3580; baseline -0.001 -15"><span class='ocrx_word' id='word_1_258' title='bbox 305 3504 851 3580; x_wconf 87' lang='lat' dir='ltr'><strong>commemoratur,</strong></span> <span class='ocrx_word' id='word_1_259' title='bbox 897 3505 1113 3566; x_wconf 89' lang='lat' dir='ltr'><strong>tamen</strong></span> <span class='ocrx_word' id='word_1_260' title='bbox 1157 3499 1539 3567; x_wconf 87' lang='lat' dir='ltr'><strong>concludere</strong></span> <span class='ocrx_word' id='word_1_261' title='bbox 1580 3520 1712 3565; x_wconf 92' lang='lat' dir='ltr'><strong>non</strong></span> <span class='ocrx_word' id='word_1_262' title='bbox 1757 3498 2141 3566; x_wconf 86' lang='lat' dir='ltr'><strong>dubitamus.</strong></span> 
     </span>
    </p>

    <p class='ocr_par' dir='ltr' id='par_1_5' title="bbox 302 3608 2802 4128">
     <span class='ocr_line' id='line_1_30' title="bbox 475 3608 2801 3693; baseline 0 -18"><span class='ocrx_word' id='word_1_263' title='bbox 475 3610 702 3693; x_wconf 87' lang='lat' dir='ltr'><strong>Itaque</strong></span> <span class='ocrx_word' id='word_1_264' title='bbox 745 3609 1017 3675; x_wconf 87' lang='lat' dir='ltr'><strong>Eumeni</strong></span> <span class='ocrx_word' id='word_1_265' title='bbox 1062 3628 1330 3692; x_wconf 92' lang='lat' dir='ltr'><strong>quoque,</strong></span> <span class='ocrx_word' id='word_1_266' title='bbox 1375 3629 1517 3675; x_wconf 91' lang='lat' dir='ltr'><strong>cum</strong></span> <span class='ocrx_word' id='word_1_267' title='bbox 1561 3617 1823 3677; x_wconf 89' lang='lat' dir='ltr'><strong>senatus</strong></span> <span class='ocrx_word' id='word_1_268' title='bbox 1866 3610 2289 3693; x_wconf 83' lang='lat' dir='ltr'><strong>cognovisset,</strong></span> <span class='ocrx_word' id='word_1_269' title='bbox 2335 3628 2479 3676; x_wconf 91' lang='lat' dir='ltr'><strong>eum</strong></span> <span class='ocrx_word' id='word_1_270' title='bbox 2523 3608 2602 3675; x_wconf 92' lang='lat' dir='ltr'><strong>iis</strong></span> <span class='ocrx_word' id='word_1_271' title='bbox 2646 3616 2801 3675; x_wconf 93' lang='lat' dir='ltr'><strong>tem-</strong></span> 
     </span>
     <span class='ocr_line' id='line_1_31' title="bbox 302 3718 2802 3803; baseline 0 -19"><span class='ocrx_word' id='word_1_272' title='bbox 302 3719 563 3803; x_wconf 90' lang='lat' dir='ltr'><strong>poribus</strong></span> <span class='ocrx_word' id='word_1_273' title='bbox 594 3718 899 3785; x_wconf 91' lang='lat' dir='ltr'><strong>Romanis</strong></span> <span class='ocrx_word' id='word_1_274' title='bbox 937 3718 1109 3784; x_wconf 90' lang='lat' dir='ltr'><strong>haud</strong></span> <span class='ocrx_word' id='word_1_275' title='bbox 1151 3719 1243 3783; x_wconf 90' lang='lat' dir='ltr'><strong>ita</strong></span> <span class='ocrx_word' id='word_1_276' title='bbox 1287 3727 1616 3803; x_wconf 89' lang='lat' dir='ltr'><strong>acceptum</strong></span> <span class='ocrx_word' id='word_1_277' title='bbox 1646 3719 2077 3786; x_wconf 90' lang='lat' dir='ltr'><strong>Brundusium</strong></span> <span class='ocrx_word' id='word_1_278' title='bbox 2121 3720 2378 3786; x_wconf 82' lang='lat' dir='ltr'><strong>venisse</strong></span> <span class='ocrx_word' id='word_1_279' title='bbox 2406 3718 2802 3800; x_wconf 89' lang='lat' dir='ltr'><strong>Romamque</strong></span> 
     </span>
     <span class='ocr_line' id='line_1_32' title="bbox 305 3828 2799 3914; baseline 0 -19"><span class='ocrx_word' id='word_1_280' title='bbox 305 3848 449 3895; x_wconf 90' lang='lat' dir='ltr'><strong>esse</strong></span> <span class='ocrx_word' id='word_1_281' title='bbox 491 3829 914 3913; x_wconf 84' lang='lat' dir='ltr'><strong>profecturum</strong></span> <span class='ocrx_word' id='word_1_282' title='bbox 962 3830 1121 3907; x_wconf 92' lang='lat' dir='ltr'><strong>(Pol.</strong></span> <span class='ocrx_word' id='word_1_283' title='bbox 1167 3830 1384 3912; x_wconf 93' lang='lat' dir='ltr'><strong>XXX,</strong></span> <span class='ocrx_word' id='word_1_284' title='bbox 1437 3833 1570 3912; x_wconf 89' lang='lat'><strong>17),</strong></span> <span class='ocrx_word' id='word_1_285' title='bbox 1616 3832 1764 3914; x_wconf 89' lang='lat' dir='ltr'><strong>lege</strong></span> <span class='ocrx_word' id='word_1_286' title='bbox 1806 3832 2033 3912; x_wconf 83' lang='lat' dir='ltr'><strong>lata⁴)‚</strong></span> <span class='ocrx_word' id='word_1_287' title='bbox 2078 3849 2163 3896; x_wconf 92' lang='lat' dir='ltr'><strong>ne</strong></span> <span class='ocrx_word' id='word_1_288' title='bbox 2206 3829 2306 3895; x_wconf 90' lang='lat' dir='ltr'><strong>cui</strong></span> <span class='ocrx_word' id='word_1_289' title='bbox 2349 3828 2487 3911; x_wconf 90' lang='lat' dir='ltr'><strong>regi</strong></span> <span class='ocrx_word' id='word_1_290' title='bbox 2530 3828 2799 3895; x_wconf 88' lang='lat' dir='ltr'><strong>Romam</strong></span> 
     </span>
     <span class='ocr_line' id='line_1_33' title="bbox 303 3937 2799 4023; baseline 0.001 -20"><span class='ocrx_word' id='word_1_291' title='bbox 303 3938 532 4005; x_wconf 87' lang='lat' dir='ltr'><strong>venire</strong></span> <span class='ocrx_word' id='word_1_292' title='bbox 575 3939 812 4022; x_wconf 88' lang='lat' dir='ltr'><strong>liceret,</strong></span> <span class='ocrx_word' id='word_1_293' title='bbox 860 3947 1157 4023; x_wconf 88' lang='lat' dir='ltr'><strong>quaestor</strong></span> <span class='ocrx_word' id='word_1_294' title='bbox 1198 3939 1454 4005; x_wconf 87' lang='lat' dir='ltr'><strong>obviam</strong></span> <span class='ocrx_word' id='word_1_295' title='bbox 1499 3942 1729 4007; x_wconf 87' lang='lat' dir='ltr'><strong>missus</strong></span> <span class='ocrx_word' id='word_1_296' title='bbox 1774 3946 1888 4022; x_wconf 90' lang='lat' dir='ltr'><strong>est,</strong></span> <span class='ocrx_word' id='word_1_297' title='bbox 1936 3939 2043 4022; x_wconf 88' lang='lat' dir='ltr'><strong>qni</strong></span> <span class='ocrx_word' id='word_1_298' title='bbox 2074 3959 2217 4005; x_wconf 85' lang='lat' dir='ltr'><strong>eum</strong></span> <span class='ocrx_word' id='word_1_299' title='bbox 2247 3937 2602 4022; x_wconf 88' lang='lat' dir='ltr'><strong>impediret,</strong></span> <span class='ocrx_word' id='word_1_300' title='bbox 2650 3958 2799 4021; x_wconf 90' lang='lat' dir='ltr'><strong>quo·</strong></span> 
     </span>
     <span class='ocr_line' id='line_1_34' title="bbox 305 4048 1138 4128; baseline 0.005 -16"><span class='ocrx_word' id='word_1_301' title='bbox 305 4048 518 4128; x_wconf 84' lang='lat' dir='ltr'><strong>minus</strong></span> <span class='ocrx_word' id='word_1_302' title='bbox 560 4049 828 4114; x_wconf 91' lang='lat' dir='ltr'><strong>Romam</strong></span> <span class='ocrx_word' id='word_1_303' title='bbox 872 4050 1138 4116; x_wconf 85' lang='lat' dir='ltr'><strong>veniret.</strong></span> 
     </span>
    </p>
   </div>
   <div class='ocr_carea' id='block_1_4' title="bbox 303 4304 2797 4658">
    <p class='ocr_par' dir='ltr' id='par_1_6' title="bbox 303 4304 2797 4658">
     <span class='ocr_line' id='line_1_35' title="bbox 449 4304 2797 4376; baseline 0.002 -16"><span class='ocrx_word' id='word_1_304' title='bbox 449 4311 496 4372; x_wconf 86' lang='lat'><strong>1)</strong></span> <span class='ocrx_word' id='word_1_305' title='bbox 529 4324 576 4361; x_wconf 84' lang='lat' dir='ltr'><strong>v.</strong></span> <span class='ocrx_word' id='word_1_306' title='bbox 598 4308 944 4364; x_wconf 85' lang='lat' dir='ltr'><strong>Mommseni:</strong></span> <span class='ocrx_word' id='word_1_307' title='bbox 981 4309 1137 4365; x_wconf 76' lang='lat' dir='ltr'><strong>Rom.</strong></span> <span class='ocrx_word' id='word_1_308' title='bbox 1177 4309 1405 4364; x_wconf 86' lang='lat' dir='ltr'><strong>Staatsr.</strong></span> <span class='ocrx_word' id='word_1_309' title='bbox 1440 4308 1510 4374; x_wconf 89' lang='lat' dir='ltr'><strong>H,</strong></span> <span class='ocrx_word' id='word_1_310' title='bbox 1554 4315 1596 4376; x_wconf 90' lang='grc'><strong>1,</strong></span> <span class='ocrx_word' id='word_1_311' title='bbox 1633 4312 1750 4364; x_wconf 88' lang='grc'>519.</span> <span class='ocrx_word' id='word_1_312' title='bbox 1891 4310 1941 4374; x_wconf 88' lang='grc'><strong>2)</strong></span> <span class='ocrx_word' id='word_1_313' title='bbox 1975 4305 2091 4361; x_wconf 83' lang='lat' dir='ltr'><strong>Liv.</strong></span> <span class='ocrx_word' id='word_1_314' title='bbox 2129 4307 2165 4361; x_wconf 90' lang='lat' dir='ltr'><strong>l.</strong></span> <span class='ocrx_word' id='word_1_315' title='bbox 2202 4322 2249 4360; x_wconf 87' lang='lat' dir='ltr'><strong>c.</strong></span> <span class='ocrx_word' id='word_1_316' title='bbox 2270 4304 2513 4362; x_wconf 84' lang='lat' dir='ltr'><strong>‘Attalus</strong></span> <span class='ocrx_word' id='word_1_317' title='bbox 2549 4307 2797 4365; x_wconf 88' lang='lat' dir='ltr'><strong>omnibus</strong></span> 
     </span>
     <span class='ocr_line' id='line_1_36' title="bbox 303 4398 2795 4472; baseline 0.001 -19"><span class='ocrx_word' id='word_1_318' title='bbox 303 4399 602 4455; x_wconf 90' lang='lat' dir='ltr'><strong>honoribus</strong></span> <span class='ocrx_word' id='word_1_319' title='bbox 637 4402 1055 4472; x_wconf 85' lang='lat' dir='ltr'><strong>muneribusque</strong></span> <span class='ocrx_word' id='word_1_320' title='bbox 1089 4409 1145 4458; x_wconf 88' lang='lat' dir='ltr'><strong>et</strong></span> <span class='ocrx_word' id='word_1_321' title='bbox 1179 4418 1438 4471; x_wconf 83' lang='lat' dir='ltr'><strong>praesens</strong></span> <span class='ocrx_word' id='word_1_322' title='bbox 1466 4407 1550 4458; x_wconf 87' lang='lat' dir='ltr'><strong>est</strong></span> <span class='ocrx_word' id='word_1_323' title='bbox 1575 4402 1755 4457; x_wconf 85' lang='lat' dir='ltr'><strong>cultus</strong></span> <span class='ocrx_word' id='word_1_324' title='bbox 1782 4407 1838 4457; x_wconf 90' lang='lat' dir='ltr'><strong>et</strong></span> <span class='ocrx_word' id='word_1_325' title='bbox 1866 4398 2294 4468; x_wconf 87' lang='lat' dir='ltr'><strong>proficiscentem</strong></span> <span class='ocrx_word' id='word_1_326' title='bbox 2314 4399 2589 4469; x_wconf 85' lang='lat' dir='ltr'><strong>prosecuti</strong></span> <span class='ocrx_word' id='word_1_327' title='bbox 2622 4398 2795 4457; x_wconf 82' lang='lat' dir='ltr'><strong>sunt’.</strong></span> 
     </span>
     <span class='ocr_line' id='line_1_37' title="bbox 305 4488 2793 4563; baseline 0 -16"><span class='ocrx_word' id='word_1_328' title='bbox 305 4496 356 4556; x_wconf 88' lang='lat'><strong>3)</strong></span> <span class='ocrx_word' id='word_1_329' title='bbox 392 4492 555 4561; x_wconf 87' lang='lat' dir='ltr'><strong>Apud</strong></span> <span class='ocrx_word' id='word_1_330' title='bbox 587 4493 1003 4549; x_wconf 87' lang='lat' dir='ltr'><strong>Mommsenum:</strong></span> <span class='ocrx_word' id='word_1_331' title='bbox 1043 4492 1197 4549; x_wconf 76' lang='lat' dir='ltr'><strong>Rom.</strong></span> <span class='ocrx_word' id='word_1_332' title='bbox 1220 4496 1448 4551; x_wconf 85' lang='lat' dir='ltr'><strong>Staatsr.</strong></span> <span class='ocrx_word' id='word_1_333' title='bbox 1473 4496 1543 4563; x_wconf 92' lang='grc' dir='ltr'><strong>Π,</strong></span> <span class='ocrx_word' id='word_1_334' title='bbox 1575 4501 1620 4560; x_wconf 87' lang='grc'><strong>1,</strong></span> <span class='ocrx_word' id='word_1_335' title='bbox 1651 4499 1755 4549; x_wconf 83' lang='grc'><strong>519</strong></span> <span class='ocrx_word' id='word_1_336' title='bbox 1788 4493 1910 4548; x_wconf 87' lang='lat' dir='ltr'><strong>adn.</strong></span> <span class='ocrx_word' id='word_1_337' title='bbox 1932 4498 1963 4549; x_wconf 84' lang='lat'><strong>3</strong></span> <span class='ocrx_word' id='word_1_338' title='bbox 1998 4492 2139 4549; x_wconf 82' lang='lat' dir='ltr'><strong>falso</strong></span> <span class='ocrx_word' id='word_1_339' title='bbox 2174 4494 2395 4549; x_wconf 85' lang='lat' dir='ltr'><strong>allatum</strong></span> <span class='ocrx_word' id='word_1_340' title='bbox 2429 4499 2513 4548; x_wconf 84' lang='lat' dir='ltr'><strong>est</strong></span> <span class='ocrx_word' id='word_1_341' title='bbox 2544 4488 2633 4548; x_wconf 86' lang='lat' dir='ltr'><strong>‘ad</strong></span> <span class='ocrx_word' id='word_1_342' title='bbox 2666 4493 2793 4549; x_wconf 83' lang='lat' dir='ltr'><strong>fam.</strong></span> 
     </span>
     <span class='ocr_line' id='line_1_38' title="bbox 304 4582 2795 4658; baseline 0.002 -19"><span class='ocrx_word' id='word_1_343' title='bbox 304 4584 455 4647; x_wconf 86' lang='lat' dir='ltr'><strong>xm,</strong></span> <span class='ocrx_word' id='word_1_344' title='bbox 492 4589 539 4653; x_wconf 91' lang='grc'><strong>2,</strong></span> <span class='ocrx_word' id='word_1_345' title='bbox 575 4582 643 4640; x_wconf 68' lang='lat'><strong>2?</strong></span> <span class='ocrx_word' id='word_1_346' title='bbox 800 4593 854 4653; x_wconf 84' lang='lat'><strong>4)</strong></span> <span class='ocrx_word' id='word_1_347' title='bbox 897 4587 1054 4641; x_wconf 84' lang='lat' dir='ltr'><strong>Hanc</strong></span> <span class='ocrx_word' id='word_1_348' title='bbox 1089 4588 1261 4657; x_wconf 85' lang='lat' dir='ltr'><strong>legem</strong></span> <span class='ocrx_word' id='word_1_349' title='bbox 1295 4604 1679 4658; x_wconf 83' lang='lat' dir='ltr'><strong>nonnunquam</strong></span> <span class='ocrx_word' id='word_1_350' title='bbox 1716 4587 2017 4657; x_wconf 80' lang='lat' dir='ltr'><strong>neglectam</strong></span> <span class='ocrx_word' id='word_1_351' title='bbox 2051 4600 2195 4655; x_wconf 85' lang='lat' dir='ltr'><strong>esse,</strong></span> <span class='ocrx_word' id='word_1_352' title='bbox 2232 4602 2300 4641; x_wconf 85' lang='lat' dir='ltr'><strong>ex</strong></span> <span class='ocrx_word' id='word_1_353' title='bbox 2334 4586 2593 4657; x_wconf 85' lang='lat' dir='ltr'><strong>exemplis</strong></span> <span class='ocrx_word' id='word_1_354' title='bbox 2606 4630 2619 4655; x_wconf 93' lang='lat'>‚</span> <span class='ocrx_word' id='word_1_355' title='bbox 2657 4602 2795 4655; x_wconf 85' lang='lat' dir='ltr'><strong>quae</strong></span> 
     </span>
    </p>
   </div>
   <div class='ocr_carea' id='block_1_5' title="bbox 304 4680 2389 4817">
    <p class='ocr_par' dir='ltr' id='par_1_7' title="bbox 304 4680 2389 4817">
     <span class='ocr_line' id='line_1_39' title="bbox 304 4680 1083 4751; baseline 0 -18"><span class='ocrx_word' id='word_1_356' title='bbox 304 4694 474 4747; x_wconf 82' lang='lat' dir='ltr'><strong>supra</strong></span> <span class='ocrx_word' id='word_1_357' title='bbox 509 4680 805 4747; x_wconf 85' lang='lat' dir='ltr'><strong>attulimus,</strong></span> <span class='ocrx_word' id='word_1_358' title='bbox 840 4686 1083 4751; x_wconf 88' lang='lat' dir='ltr'><strong>apparet.</strong></span> 
     </span>
     <span class='ocr_line' id='line_1_40' title="bbox 2315 4766 2389 4817; baseline 0 -18"><span class='ocrx_word' id='word_1_359' title='bbox 2315 4770 2347 4817; x_wconf 83' lang='grc'>4</span> <span class='ocrx_word' id='word_1_360' title='bbox 2360 4766 2389 4799; x_wconf 85' lang='grc'><strong>*</strong></span> 
     </span>
    </p>
   </div>
  </div>
 </body>
</html>
