3400 5300
1593 335 2011 399 -38-

727 507 956 589 Itaque
1011 526 1154 573 cum
1197 507 1463 572 Romam
1521 505 1792 570 allatum
1846 508 2048 583 esset,
2109 500 2387 568 hostium
2441 500 2691 583 legatos
2752 498 2835 566 de
2889 517 3054 582 pace

558 619 798 683 Romae
841 617 982 681 urbi
1026 616 1476 701 propinquare,
1520 633 1802 681 summus
1837 613 2243 696 magistratus
2273 618 2565 678 senatum
2590 609 3050 693 interrogabat,

499 787 503 791 .
559 726 713 810 quid
757 726 817 793 ei
859 725 960 792 his
1004 725 1086 793 de
1127 725 1361 808 legatis
1405 725 1689 807 placeret
1705 727 1769 799 ¹).

559 998 680 1062 Ἰ).
740 996 1224 1080 Populorum
1275 995 1407 1078 qui
1449 994 1933 1060 societatem
1980 1012 2146 1059 cum
2189 990 2570 1059 Romanis
2613 991 2829 1058 inire
2870 1009 3007 1056 vo-

1494 1105 1791 1172 lebant
1831 1104 2119 1188 legati.
2428 1099 2433 1106 '

725 1265 1031 1345 Quamvis
1072 1264 1441 1331 testimonia
1482 1283 1615 1331 non
1659 1270 1898 1346 extent,
1943 1263 2262 1349 quomodo
2304 1260 2536 1345 legatis
2563 1260 2651 1328 ad
2678 1260 3053 1328 societatem

556 1374 920 1442 faciendam
963 1376 1232 1440 Romam
1275 1372 1682 1440 venientibus
1728 1373 1976 1440 occasio
2020 1371 2131 1440 fiat
2164 1379 2456 1440 senatum
2486 1370 2790 1452 adeundi,
2834 1376 3050 1436 tamen

555 1485 601 1548 ii
643 1483 972 1567 videntur,
1030 1503 1290 1569 prorsus
1333 1491 1402 1550 ut
1444 1483 1600 1550 socii
1617 1533 1636 1568 ,
1690 1485 1965 1568 primum
2009 1489 2409 1566 quaestorem
2457 1480 2693 1547 deinde
2734 1499 3052 1548 summum

556 1594 995 1678 magistratum
1037 1595 1276 1661 adiisse
1317 1615 1359 1661 a
1401 1612 1525 1676 quo
1569 1594 1637 1660 in
1681 1599 1975 1660 senatum
2018 1591 2586 1658 introducerentur.

1543 2539 1882 2618 CAPUT
1936 2540 2070 2614 VI.

726 2745 841 2811 DE
887 2743 1149 2812 DONIS
1194 2743 1586 2811 PUBLICIS
1631 2746 1687 2809 A
1732 2742 2107 2810 LEGATIS
2149 2741 2454 2810 ROMAM
2490 2741 2880 2807 ALLATIS.

557 2946 634 3011 A.
683 2945 1095 3013 Sociorum
1141 2947 1414 3031 legati.
1501 2947 1782 3029 Reges.
1871 2946 2349 3031 Populorum
2395 2946 2523 3029 qui
2568 2944 3050 3011 societatem

1291 3056 1501 3121 inire
1546 3056 1982 3139 volebant,
2028 3057 2315 3141 legati.

735 3238 778 3286 1.
836 3230 1089 3301 Quibus
1137 3231 1616 3288 occasionibus
1664 3231 1850 3287 datis
1896 3231 2079 3287 dona
2122 3231 2399 3286 Romam
2442 3230 2665 3286 allata
2710 3242 2880 3285 esse.

728 3397 788 3441 a.
855 3377 1015 3440 Post
1066 3378 1391 3440 victoriam
1421 3386 1839 3473 ¹reportatam
1898 3396 2040 3442 cum
2097 3397 2235 3444 mos
2295 3384 2495 3457 esset,
2561 3383 2630 3442 ut
2685 3375 3052 3462 imperatori

558 3489 847 3553 Romano
931 3486 1155 3552 victori
1230 3506 1502 3553 coronae
1577 3487 1998 3571 triumphales
2082 3507 2289 3569 „quae
2353 3487 2701 3570 antiquitus
2767 3506 2804 3552 e
2868 3488 3053 3551 lauru

559 3602 762 3678 erant,
809 3601 954 3679 post
997 3595 1129 3661 fieri
1176 3615 1258 3662 ex
1287 3618 1442 3662 auro
1474 3604 1740 3681 coeptae
1770 3602 1958 3663 suut“
2001 3603 2229 3679 gentes
2258 3598 2470 3664 sociae
2513 3618 2669 3682 „pro
2701 3598 2833 3663 suis
2864 3616 3053 3679 quae·

558 3726 682 3789 que
723 3705 1132 3772 facultatibus
1149 3710 1174 3739 ‘⁶
1219 3705 1575 3783 afferrent2)
1621 3707 1848 3773 mirum
1878 3728 2010 3773 non
2040 3716 2154 3791 est,
2201 3707 2371 3791 quod
2398 3714 2623 3791 gentes
2651 3709 2919 3773 Romam
2947 3725 3055 3771 ve-

556 3816 810 3882 nientes
855 3814 936 3883 de
980 3836 1216 3899 magna
1259 3817 1524 3882 victoria
1564 3817 1954 3900 gratulatum
2001 3818 2169 3884 dona
2211 3817 2567 3884 afferebant
2580 3818 2641 3901 ³),
2687 3836 2851 3900 quae
2894 3816 3053 3883 acci·-

558 3944 712 4009 pere
750 3925 1022 3991 Romani
1065 3945 1193 3991 non
1239 3926 1552 3992 dubitant.
1638 3928 1742 3992 Ita
1785 3947 1925 3993 cum
1974 3927 2159 3995 donis
2203 3928 2465 3993 veniunt
2507 3926 2735 4011 legati:

567 4268 572 4275 .
701 4233 747 4290 1)
784 4228 912 4282 Sall.
937 4228 1051 4297 Iug.
1079 4233 1161 4283 28.
1302 4232 1351 4295 2)
1389 4227 1525 4283 Gell.
1558 4228 1628 4283 N.
1667 4230 1732 4283 A.
1769 4229 1836 4296 V,
1874 4235 1919 4284 6.
1973 4230 2086 4285 Pol.
2122 4229 2296 4295 XXII,
2337 4236 2418 4284 1¹.
2476 4228 2592 4282 Liv.
2628 4226 2933 4295 XXXVIII,
2970 4230 3051 4280 37.

562 4320 816 4385 XXXIX,
843 4326 890 4375 6.
947 4322 1056 4376 Cic.
1093 4322 1149 4377 in
1182 4322 1364 4378 Pison.
1402 4320 1681 4388 XXXVII,
1720 4326 1800 4376 90.
1857 4339 1902 4376 v.
1939 4322 2154 4393 Paulyi:
2191 4322 2445 4377 Realenc.
2481 4321 2521 4387 I,
2558 4324 2606 4387 2,
2644 4324 2792 4375 2182.
2830 4320 3051 4389 Langii:

562 4413 630 4468 R.
666 4415 730 4467 A.
763 4414 862 4481 III,
899 4418 1016 4469 285.
1153 4420 1202 4480 3)
1238 4416 1428 4484 Itaque
1463 4418 1610 4470 recte
1645 4416 1723 4469 ait
1747 4415 2083 4485 AstymedeS,
2119 4414 2452 4471 Rhodiorum
2484 4414 2767 4483 legationis
2803 4413 3055 4483 princeps

564 4507 700 4570 (Liv.
737 4506 906 4573 XLV,
941 4511 1026 4572 22)
1063 4512 1254 4571 „antea
1273 4507 1807 4577 Carthaginiensibus
1830 4508 2004 4575 victis,
2028 4508 2298 4578 Philippo,
2320 4508 2593 4563 Antiocho
2628 4507 2897 4577 superatis
2933 4522 3056 4561 cum

561 4598 792 4654 Romam
826 4600 1151 4656 venissemus
1187 4616 1254 4655 ex
1287 4600 1508 4671 publico
1537 4601 1775 4670 hospitio
1809 4602 1866 4656 in
1904 4601 2105 4657 curiam
2138 4602 2467 4671 gratulatum
2497 4602 2665 4667 vobiS‚
2701 4604 2885 4672 patres
2922 4615 3057 4655 con-

564 4693 776 4763 scripti,
814 4707 881 4747 ex
917 4693 1068 4747 curia
1101 4694 1157 4747 in
1194 4693 1518 4763 Capitolium
1552 4694 1622 4749 ad
1655 4694 1785 4750 deos
1821 4698 2028 4751 vestros
2064 4694 2209 4751 dona
2240 4696 2513 4765 ferenteS.
2537 4738 2547 4749 .
2570 4736 2581 4748 .
2604 4703 2647 4748 .“
