3400 5300
1289 313 1711 377 -09-

627 510 686 570 5.
743 501 864 612 'De
907 510 1240 574 senatus
1283 506 1749 585 cons·ultis¹)
1791 505 2099 589 legatis
2143 505 2379 574 datis.

430 659 776 741 Postquam
791 659 837 734 ²)
882 664 1143 727 senatus
1189 657 1490 728 dimissus
1533 668 1661 742 est,
1713 659 1770 726 is
1813 660 2226 744 magistratus
2268 660 2377 744 qui
2416 679 2563 726 cum
2605 679 2746 726 coe·

253 776 440 852 gerat
469 774 734 838 senatus
763 769 1124 836 consultum
1153 770 1516 838 faciendum
1545 770 1790 838 curavit
1820 789 1901 836 ex
1930 771 2009 838 iis
2038 791 2204 855 quae
2232 777 2425 837 antea
2454 771 2744 854 scripto&
2826 853 2833 858 Ι

256 880 569 947 mandata
611 886 810 947 erant.
884 878 1026 959 Qua
1067 883 1135 945 in
1178 901 1248 948 re
1292 902 1436 948 eum
1478 880 1771 947 adiuvari
1811 901 1853 946 a
1896 881 2275 958 nonnullis⁴)
2318 881 2745 964 senatoribus,
2856 967 2863 974 ·

253 993 364 1074 qui
411 989 751 1058 scribendo
794 989 1154 1072 adfuerunt,
1199 998 1416 1058 notum
1461 986 1579 1058 es't.
1666 989 1911 1069 Quibus
1957 992 2149 1058 rebus
2190 991 2496 1058 confectis
2539 997 2745 1058 sctum

251 1103 374 1169 rite
431 1101 856 1185 conscriptum
912 1101 980 1165 in
1035 1102 1346 1168 aerarium
1358 1104 1404 1181 ⁵)
1448 1101 1705 1168 Saturni
1767 1100 2047 1167 delatum
2090 1108 2221 1178 est,
2280 1100 2450 1184 quod
2494 1101 2744 1168 scribae

251 1212 598 1295 quaestorii
635 1213 700 1276 in
733 1210 984 1278 codices
995 1211 1040 1294 ⁰)
1084 1210 1393 1278 referrent
1434 1212 1829 1294 alterumque
1860 1211 2220 1296 exemplum
2255 1210 2743 1280 describendum

254 1330 566 1388 curarent.
640 1323 930 1389 Alterum
973 1324 1144 1389 enim
1188 1323 1554 1406 exemplum
1596 1323 1826 1405 legatis
1869 1321 2159 1406 dabatur,
2202 1322 2473 1389 alterum
2500 1323 2746 1388 Romae

253 1421 650 1514 servabatur,
709 1440 779 1499 ut
836 1434 890 1500 si
948 1453 1108 1518 opus
1152 1443 1326 1500 esset
1369 1433 1557 1501 huius
1601 1433 1882 1517 exempli
1928 1432 2053 1504 fide
2098 1435 2569 1502 controversiae
2612 1432 2741 1501 dis·

250 1549 662 1611 cernerentur
674 1545 741 1620 ⁷).
2420 1613 2425 1616 ,

423 1653 552 1720 Sed
625 1655 680 1720 si
752 1651 1017 1721 senatus
1084 1654 1376 1719 consulta
1445 1653 1685 1722 fiebant
1752 1653 1833 1720 de
1895 1653 2159 1720 Graecis
2222 1670 2352 1720 non
2418 1675 2461 1720 a
2520 1654 2743 1720 Sullae

250 1763 506 1831 demum
537 1770 768 1845 aetate,
815 1763 931 1830 sed
963 1763 1201 1829 dudum
1230 1770 1424 1830 antea
1452 1783 1751 1847 graecam
1794 1764 2381 1850 interpretationem
2424 1765 2741 1830 adiectam

250 1874 482 1957 fuisse,
544 1893 626 1941 ex
682 1874 836 1942 sctis
897 1873 980 1940 de
1034 1873 1372 1940 Thisbaeis
1427 1881 1717 1960 apparet.
1805 1874 1873 1941 Si
1929 1894 2082 1941 vero
2139 1881 2398 1942 senatus
2451 1875 2743 1941 consulta

243 2004 478 2068 graece
522 1986 760 2069 scripta
801 1986 967 2051 inter
1010 2004 1080 2051 se
1125 1985 1527 2067 conferimus,
1575 2005 1654 2051 ea
1696 2004 1951 2069 semper
1994 1985 2378 2054 Graecorum
2424 1987 2741 2052 communi

249 2095 528 2161 dialecto
593 2101 962 2181 comparata
1023 2115 1170 2163 esse
1226 2094 1606 2161 invenimus.
1716 2093 1875 2161 Cum
1932 2103 2146 2162 autem
2202 2096 2402 2162 verba
2456 2095 2743 2178 legitima

241 2206 402 2272 iuris
469 2206 710 2290 publici
766 2205 1038 2300 Romani
1100 2206 1169 2270 in
1232 2206 1600 2274 universum
1657 2205 1873 2273 verbis
1937 2205 2127 2272 certis
2194 2210 2258 2271 et
2320 2205 2739 2272 sollemnibus

246 2316 534 2382 converti
600 2316 883 2400 soleant,
947 2301 1084 2382 veri
1149 2336 1340 2400 quam
1405 2316 1796 2384 simillimum
1860 2320 1987 2398 est,
2062 2316 2305 2381 Romae
2370 2316 2627 2400 publice
2697 2335 2738 2380 a

243 2426 626 2510 quaestoriis
686 2427 912 2494 scribis
962 2427 1223 2510 linguae
1265 2428 1651 2496 Graecorum
1695 2425 1918 2509 peritis
1960 2426 2549 2510 interpretationem
2593 2444 2739 2493 esse

240 2537 480 2604 factam
524 2556 797 2620 eamque
838 2537 1212 2604 auctoritate
1253 2537 1510 2621 publica
1553 2556 1700 2605 esse
1743 2537 2199 2603 confirmatam.

413 2648 570 2716 Post
605 2646 952 2716 nonnullos
981 2654 1194 2715 autem
1225 2646 1363 2716 dies
1406 2648 1605 2733 legati
1651 2660 2051 2733 quaestorem
2093 2651 2405 2716 urbanum
2448 2639 2735 2730 adibant,

235 2766 311 2826 ut
379 2765 646 2827 senatus
699 2760 1061 2826 consultum
1122 2759 1502 2841 acciperent.
1604 2757 1748 2838 Qua
1803 2760 2138 2827 occasione
2201 2760 2417 2825 oblata
2468 2760 2549 2826 iis
2590 2780 2735 2825 non

234 2928 280 2996 Ι,
307 2944 372 3001 p.
397 2932 515 2992 107)
552 2942 652 2983 nos
687 2926 884 2983 elicere
916 2942 1026 2982 non
1058 2942 1367 2996 possumuS,
1401 2926 1546 2996 quod
1579 2942 1721 2996 quae
1753 2942 1939 2983 eorum
1972 2928 2137 2997 legati
2158 2928 2365 2984 Romae
2387 2927 2737 2996 exposuerint

234 3036 470 3091 prorsus
517 3020 802 3077 nescimus.
870 3022 1060 3089 ltaque
1104 3021 1244 3075 haec
1288 3020 1531 3090 quaestio
1574 3020 1646 3077 tle
1687 3020 1883 3089 legatis
1930 3035 1991 3076 se
2022 3022 2379 3091 purgantibus
2413 3036 2449 3076 a
2482 3019 2640 3076 nobie
2672 3020 2733 3073 in

235 3116 408 3170 dubio
443 3114 783 3184 relinquitur.

382 3208 430 3274 1)
482 3208 604 3263 Hoc
655 3209 775 3265 loco
821 3224 925 3264 nos
968 3207 1104 3263 nihil
1148 3207 1264 3263 fere
1309 3208 1436 3262 novi
1477 3208 1670 3263 afferre
1712 3223 2001 3278 possumus
2015 3249 2029 3274 ‚
2076 3207 2221 3278 quod
2266 3208 2376 3262 iam
2408 3208 2733 3272 Foucartust,

238 3303 613 3359 Mommsenus
645 3300 740 3356 alii
773 3301 876 3355 viri
907 3301 1055 3356 docti
1089 3316 1274 3357 omnes
1309 3300 1655 3356 difficultates
1679 3303 2032 3369 sustulerunt,
2068 3308 2322 3368 attamen,
2356 3306 2421 3355 ut
2443 3300 2728 3370 disputati-

237 3394 496 3451 unculam
549 3394 707 3465 plene
758 3400 1120 3463 accurateque
1171 3392 1541 3463 perficiamus,
1593 3395 1773 3449 omnia
1818 3396 1923 3451 hoc
1970 3396 2091 3451 loco
2136 3395 2387 3463 colligere
2428 3393 2587 3450 nobie
2620 3408 2734 3448 non

240 3502 698 3559 supervacaneum
733 3500 853 3542 esse
885 3486 1107 3543 videtur.
1279 3490 1331 3551 2)
1374 3486 1525 3543 Raro
1571 3487 1659 3555 fit,
1703 3490 1768 3543 ut
1799 3494 2086 3559 antequam
2120 3496 2343 3545 senatus
2376 3488 2630 3543 dimissus
2662 3486 2735 3541 sit

235 3588 418 3637 ectum
451 3584 823 3649 componatur.
868 3579 1091 3651 Dionys.
1111 3580 1210 3646 XI,
1228 3585 1310 3634 21.
1353 3580 1572 3650 Laugii:
1607 3581 1675 3635 R.
1694 3580 1762 3635 A.
1782 3581 1878 3650 11²,
1898 3588 2012 3637 390.
2151 3588 2205 3649 3)
2241 3584 2377 3637 Inde
2411 3597 2447 3637 a
2481 3580 2733 3636 Caesaris

235 3675 576 3743 temporibus
624 3673 806 3729 omnia
852 3688 990 3743 quae
1031 3674 1090 3727 in
1133 3678 1328 3729 senatu
1371 3675 1672 3743 agebantur
1722 3676 2031 3745 conscripta
2064 3691 2185 3731 esse
2216 3676 2325 3731 iam
2360 3690 2528 3744 supra
2560 3688 2729 3729 anno·-

232 3769 486 3825 tavimus.
531 3766 640 3823 Sed
673 3766 802 3822 inde
833 3784 946 3823 non
975 3767 1237 3836 sequitur,
1271 3773 1334 3820 ut
1367 3782 1477 3821 non
1509 3767 1823 3823 iamdudum
1858 3772 2021 3823 antea
2043 3769 2235 3823 consul
2252 3783 2390 3836 quae
2422 3767 2733 3823 necessaria

231 3864 353 3918 visa
386 3862 500 3917 sint
532 3864 790 3917 accurate
810 3860 1014 3930 scripto
1039 3859 1376 3915 mandaverit
1407 3862 1543 3928 (Liv.
1561 3861 1791 3929 XXXII,
1820 3864 1891 3926 Β).
2028 3864 2078 3925 4)
2115 3859 2535 3929 Magistratuum
2558 3876 2733 3930 usque

236 3956 308 4010 ad
356 3955 543 4011 Sullae
585 3960 832 4023 tempora
876 3969 1052 4023 neque
1092 3954 1271 4010 tribus
1317 3970 1492 4025 neque
1539 3955 1857 4025 cognomina
1902 3953 2050 4021 addi,
2100 3959 2412 4009 senatorum
2459 3968 2587 4009 vero
2636 3955 2732 4024 qui

236 4048 522 4104 scribendo
573 4047 863 4102 adfuerunt
913 4047 1144 4116 primum
1197 4048 1400 4115 tribus,
1455 4052 1648 4119 postea
1696 4048 1859 4103 etiam
1906 4049 2225 4116 cognomina
2271 4048 2530 4113 indicari,
2582 4064 2729 4103 nunc

237 4144 458 4198 constat
499 4144 570 4207 (v.
606 4140 952 4197 Mommseniz
997 4141 1226 4211 Ephem.
1263 4142 1426 4211 epigr.
1473 4144 1526 4205 1,
1574 4145 1689 4197 289.
1760 4140 2161 4197 Mendelssohni
2203 4140 2241 4193 l.
2276 4156 2318 4195 s.
2366 4157 2421 4210 p.
2461 4145 2592 4203 119).

233 4238 286 4301 5)
322 4253 370 4290 v.
403 4234 747 4289 Mommseni:
787 4234 876 4289 sui
908 4234 1054 4291 modi
1087 4251 1167 4303 sq.
1201 4234 1261 4288 in
1294 4234 1478 4290 annali
1510 4233 1684 4300 XXX,
1708 4237 1801 4289 181
1824 4251 1903 4304 sq.
2040 4238 2092 4301 6)
2127 4233 2493 4289 Mommsenus
2528 4234 2726 4299 (Herm.

230 4329 304 4392 Π,
329 4332 426 4382 103
449 4330 550 4396 sq.)
585 4329 649 4384 de
686 4326 968 4383 codicibus
1002 4328 1060 4382 in
1095 4328 1288 4397 quibus
1322 4328 1544 4383 tabulae
1573 4328 1698 4383 illae
1731 4327 1982 4398 publicae
2015 4328 2371 4383 servabantur
2401 4327 2539 4382 haec
2563 4327 2731 4382 verba

231 4421 370 4478 facit
403 4415 510 4475 ‘die
554 4421 638 4475 ins
671 4420 876 4476 Archiv
922 4420 1304 4490 abgelieferten
1337 4421 1514 4475 Acten
1557 4420 1740 4476 bilden
1786 4421 1943 4476 einen
1993 4422 2185 4485 codex,
2229 4421 2325 4477 der
2371 4435 2471 4475 aus
2505 4420 2729 4475 tabulae

230 4514 452 4569 besteht
482 4514 596 4569 und
629 4513 812 4569 weiter
845 4514 1026 4570 nichts
1058 4514 1148 4581 ist,
1181 4515 1264 4569 als
1299 4514 1385 4569 ein
1417 4514 1475 4569 in
1497 4513 1791 4570 Brettchen
1812 4515 2201 4571 zerschnittnes
2218 4514 2513 4569 Holzstuck
2534 4513 2728 4580 (codex

233 4611 460 4663 ansatus
497 4608 548 4663 d.
582 4607 636 4661 h.
675 4608 775 4663 mit
807 4608 979 4663 einem
1015 4606 1156 4661 Griff
1191 4623 1312 4662 zum
1347 4603 1737 4677 AufhangenY.
1908 4612 1959 4673 7)
2004 4608 2166 4663 Sicul.
2202 4608 2384 4662 Flacc.
2418 4622 2473 4675 p.
2516 4611 2610 4662 154
2646 4624 2723 4677 sq.

231 4700 428 4771 Hygin.
464 4717 519 4771 p.
560 4705 680 4768 202,
721 4705 796 4755 11.
864 4718 912 4756 v.
947 4699 1227 4757 Rudorffi:
1262 4700 1468 4755 Feldm.
1501 4700 1572 4766 11,
1612 4704 1725 4755 115.
1858 4708 1865 4713 '

3368 2456 3380 2483 '⁸
3361 1949 3400 2431 ffl———u-LQ
