3400 5300
1381 293 1803 354 „23-

349 464 563 548 legato
604 459 876 542 addidit,
922 460 977 526 si
1020 464 1407 541 reputamus,
1453 457 1680 541 quibus
1723 456 2111 541 temporibus
2151 455 2222 520 id
2264 455 2497 520 factum
2536 452 2617 520 sit
2648 471 2837 535 quae·

349 592 474 656 que
539 572 727 638 fuerit
798 570 983 635 huius
1055 567 1286 635 aetatis
1352 565 1850 650 intemperantia
1917 585 1994 631 ac
2047 565 2338 644 lieentia,
2406 565 2491 630 ad
2553 569 2833 630 nostram

352 682 783 766 quaestionem
829 680 1148 763 pertinere
1190 698 1321 744 non
1363 692 1557 760 posse
1599 677 1741 742 sine
1786 674 1977 740 dubio
2020 675 2453 758 intelligimus.

519 793 746 874 Itaque
799 788 868 854 id
923 790 1128 856 80111111
1172 795 1411 854 certum
1457 805 1598 853 esse
1639 786 1912 868 videtur,
1956 804 2140 868 reges
2183 805 2416 868 magno
2462 803 2602 849 cum
2647 783 2837 849 comi-

351 907 488 966 tatu
546 906 610 967 et
665 899 1008 965 amicorum
1066 905 1130 964 et
1184 896 1529 963 satellitum
1547 898 1589 972 ι)
1645 896 1913 960 Romam
1969 894 2189 962 venire
2242 895 2459 976 itaque
2515 913 2556 959 a
2610 900 2839 959 senatu

351 1009 579 1093 aedes,
637 1028 802 1092 quae
857 1009 1066 1092 ipsum
1122 1027 1336 1090 regem
1391 1005 1781 1086 comitesque
1823 1005 2101 1088 benigne
2142 1004 2485 1088 recipiant,
2547 1001 2835 1068 conduci.

353 1119 481 1185 Sed
525 1139 608 1185 ne
653 1136 733 1183 ex
785 1137 864 1184 ea
913 1116 1169 1201 quidem
1220 1136 1290 1183 re
1338 1116 1672 1199 quicquam
1718 1112 2010 1181 concludi
2038 1119 2266 1198 potest,
2312 1133 2453 1179 cum
2484 1118 2548 1179 et
2575 1112 2841 1178 Prusiae
2952 1135 2956 1140 ·

351 1248 584 1312 magno
635 1248 777 1293 cum
827 1227 1127 1293 comitatu
1170 1225 1539 1292 advenienti
1585 1231 1648 1290 et
1690 1225 2055 1291 Ptolemaeo
2116 1245 2258 1290 cum
2302 1230 2597 1306 quattuor
2638 1222 2843 1289 servis

349 1338 682 1430 accedenti
724 1337 920 1403 aedes
963 1336 1412 1403 conducantur.

1185 1520 1251 1587 G.
1313 1519 1680 1586 Hostium
1727 1518 2005 1602 legati.

522 1659 621 1723 De
677 1657 953 1723 hostium
1008 1657 1361 1739 legatorum
1417 1655 1751 1721 comitibus
1808 1673 1949 1720 cum
2002 1673 2085 1719 ne
2140 1654 2307 1719 ullus
2366 1654 2621 1735 quidem
2668 1655 2843 1719 locus

351 1769 687 1851 quicquam
730 1774 1016 1849 testetur,
1061 1766 1221 1831 nihil
1266 1765 1420 1833 certi
1463 1769 1816 1832 statuentes
1858 1763 2297 1829 tantummodo
2342 1762 2649 1846 suspicari
2691 1783 2846 1847 pos-

353 1899 599 1960 sumus,
633 1900 776 1970 ‚pro
821 1876 1194 1944 condicione
1251 1877 1485 1942 misera
1526 1875 1880 1957 legatorum
1925 1874 2186 1940 comites
2230 1874 2424 1940 fuisse
2469 1891 2842 1956 perpaucos,

355 2115 432 2180 D.
480 2113 974 2197 Pop‘ulorum
1018 2113 1152 2196 qui
1198 2112 1687 2178 societatem
1733 2130 1898 2175 cum
1944 2110 2325 2176 Romanis
2366 2111 2578 2177 inire
2622 2112 2846 2177 vole·

1331 2221 1532 2285 bant
1573 2220 1858 2302 legati.

529 2360 626 2423 De
685 2356 1019 2424 comitibus
1076 2356 1430 2439 legatorum
1487 2353 1698 2438 gentis
1743 2373 1909 2436 quae
1952 2373 2093 2419 cum
2137 2353 2374 2437 populo
2419 2355 2705 2420 Romano
2749 2375 2847 2422 80-

352 2469 646 2534 0101310111
701 2467 912 2532 facere
975 2464 1176 2530 voluit
1233 2464 1355 2530 duo
1415 2470 1636 2531 extant
1677 2465 1822 2530 loci.
1912 2463 2237 2529 Valerium
2283 2463 2451 2530 enim
2498 2465 2845 2531 Maximum

355 2577 754 2660 referentem,
783 2575 896 2642 Gn.
915 2574 1280 2641 Cornelium
1305 2574 1665 2660 Hispallum
1688 2580 2047 2659 praetorem
2068 2575 2472 2659 peregrinum
2498 2594 2556 2641 a.
2574 2579 2720 2653 615!
2728 2577 2845 2640 139

356 2688 633 2771 Iudaeis,
681 2688 786 2771 qui
818 2686 1047 2752 Sabazi
1079 2686 1252 2752 Iovis
1299 2687 1470 2751 cultu
1501 2685 1822 2750 Romanos
1868 2683 2121 2752 inficere
2165 2705 2372 2752 mores
2402 2686 2614 2751 conati
2643 2694 2845 2768 erant,

355 2798 564 2865 edicto
609 2798 977 2882 imperasse,
1023 2803 1092 2861 ut
1136 2795 1357 2861 domos
1401 2815 1550 2861 suas
1579 2801 1961 2879 repeterent,
2009 2795 2325 2879 respicere
2352 2795 2437 2862 ad
2467 2795 2848 2862 Iudaeorum

354 2906 694 2989 legationis
759 2906 1104 2971 amicitiam
1161 2905 1437 2989 petentis
1496 2907 1758 2971 comites
1815 2904 2429 2983 Mendelssohnius2)
2494 2906 2849 2971 luculenter

358 3016 829 3083 demonstrasse
884 3014 1168 3099 videtur3
1227 3022 1296 3081 at
1351 3021 1626 3098 quantus
1684 3035 1898 3081 eorum
1957 3035 2255 3083 numerus
2310 3016 2531 3097 fuerit,
2588 3036 2848 3099 prorsus

353 3127 692 3193 nescimus.

526 3235 707 3301 Alter
751 3242 848 3300 est
888 3235 1064 3300 locus
1109 3233 1281 3317 apud
1327 3234 1784 3314 Strabonem³),
1828 3232 1938 3315 qui
1980 3233 2323 3299 secundum
2357 3234 2691 3300 Nicolaum
2722 3237 2851 3303 Da-

358 3364 725 3411 mascenum
768 3351 1002 3427 narrat,
1050 3346 1279 3409 Porum
1310 3344 1611 3410 Indorum
1657 3363 1872 3425 regem
1902 3343 1989 3409 ad
2019 3345 2373 3426 Augustum
2402 3345 2849 3429 imperatorem

270 3494 278 3500 -
357 3454 606 3520 misisse
649 3455 1035 3535 legationem
1080 3454 1165 3519 ad
1207 3455 1552 3520 amicitiam
1594 3453 2066 3537 impetrandam
2122 3454 2327 3519 multa
2382 3474 2645 3521 munera
2699 3454 2852 3521 affe·

358 3571 622 3630 rentem.
711 3564 887 3629 Haec
940 3570 1154 3629 autem
1211 3563 1380 3629 dona
1436 3570 1689 3647 portata
1746 3583 1887 3630 esse
1943 3564 2027 3630 ab
2072 3570 2212 3630 0010
2256 3565 2473 3630 servis.
2531 3600 2615 3611 -
2671 3564 2851 3643 Quae

360 3692 501 3737 cum
560 3671 772 3737 omnia
827 3672 955 3738 sint
1010 3691 1175 3754 quae
1230 3673 1353 3738 hac
1413 3673 1492 3739 de
1547 3694 1616 3739 re
1667 3674 1853 3740 nobis
1897 3680 2155 3758 praesto
2200 3674 2345 3757 sint,
2394 3674 2851 3741 decomitibus

362 3784 716 3867 legatorum
763 3781 1106 3849 amicitiam
1149 3783 1503 3865 petentium
1547 3791 1785 3849 certum
1814 3783 2116 3849 iudicium
2146 3782 2309 3849 ferre
2338 3804 2467 3849 non
2496 3804 2851 3867 possumus.

504 3988 548 4048 1)
584 3982 700 4037 Liv.
735 3980 906 4049 XLII,
946 3986 1025 4036 39.
1200 3986 1251 4048 2)
1287 3982 1406 4037 Val.
1444 3981 1590 4036 Max.
1628 3982 1670 4049 I,
1710 3988 1757 4047 3,
1805 3986 1852 4036 3.
1902 3982 2021 4037 coll.
2075 3984 2179 4039 Ios.
2217 3984 2282 4037 A.
2317 3985 2357 4037 I.
2394 3982 2540 4051 XIV,
2587 3989 2635 4048 8,
2684 3990 2732 4038 5.
2803 4002 2851 4039 v.

359 4074 765 4155 Mendelssohni
797 4075 831 4128 1.
870 4090 915 4131 0.
952 4093 1003 4145 p.
1038 4078 1130 4128 116
1165 4090 1242 4144 sq.
1416 4079 1466 4141 3)
1503 4075 1678 4130 Strab.
1716 4075 1835 4142 XV,
1875 4082 1919 4143 1,
1961 4081 2038 4130 14.
