3400 5300
1685 281 2110 364 ——46-'

1609 889 1954 970 CAPUT
2006 893 2219 973 VIII.

995 1092 1415 1176 QUOMODO
1458 1093 1785 1160 LEOATI
1826 1090 2122 1163 ROMAE
2146 1045 2543 1184 ’mcum
2586 1096 2807 1163 SINT.

1472 1282 1549 1345 A.
1601 1280 2015 1347 Sociorum
2059 1283 2341 1364 legati.

837 1423 890 1483 1.
935 1417 1152 1482 Locus
1193 1416 1388 1480 lautia
1428 1437 1664 1481 munus.

829 1545 930 1610 Ex
972 1545 1052 1610 iis
1094 1543 1252 1610 locis
1269 1591 1285 1624 ,
1344 1542 1573 1627 quibus
1616 1543 1838 1608 Livius
1854 1545 1897 1618 ¹)
1922 1634 1926 1640 Ι
1954 1543 2192 1610 diserte
2249 1543 2444 1610 tradit
2486 1544 2798 1611 sociorum
2842 1545 3075 1628 legatis
3120 1566 3165 1611 a

660 1660 996 1738 quaestore
1037 1654 1282 1720 urbano
1296 1658 1342 1733 ²)
1387 1654 1595 1720 locum
1637 1654 1970 1736 lautiaque
2012 1655 2306 1738 praebita
2350 1661 2414 1720 ct
2456 1675 2723 1720 munera
2768 1674 2910 1721 esse
2936 1656 3158 1738 missa,

655 1765 890 1850 aliquis
945 1765 1327 1831 concludere
1379 1765 1690 1847 potuerit,
1750 1763 1966 1829 omnia
2019 1764 2367 1849 hospitalia
2426 1786 2556 1831 non
2601 1765 2757 1831 data
2800 1785 2971 1849 esse,
3030 1767 3161 1832 nisi

654 1880 802 1959 post
856 1880 1149 1941 senatum
1211 1873 1448 1940 datum.
1537 1873 1670 1940 Sed
1712 1910 1797 1920 -—
1840 1875 1897 1940 si
1954 1874 2330 1957 omittimuS,
2389 1893 2581 1958 quam
2637 1894 3007 1957 perversum
3050 1876 3154 1959 sit,

655 1985 712 2051 si
755 1986 1066 2050 sociorum
1110 1985 1339 2069 legatis
1382 2005 1498 2068 per
1539 1985 1885 2050 nonnullos
1930 1984 2069 2050 dics
2119 1990 2409 2050 senatum
2470 1985 2989 2068 exspectantibus
3045 1984 3157 2049 ho-

657 2095 916 2180 spitium
960 2095 1284 2179 publicum
1328 2115 1455 2161 non
1503 2093 1709 2177 detur,
1768 2094 1885 2160 sed
1930 2095 2009 2159 iis
2052 2114 2217 2176 quae
2258 2093 2433 2178 apud
2478 2099 2772 2160 senatum
2815 2096 3157 2160 voluerunt

655 2205 964 2272 assecutis
1025 2203 1372 2288 domosque
1426 2203 1803 2288 profecturis
1860 2209 1993 2269 tum
2040 2203 2293 2270 demum
2335 2205 2597 2288 hospitii
2640 2203 2847 2271 officia
2888 2205 3159 2288 praebe-

657 2319 845 2379 antur
886 2350 970 2361 —
1013 2334 1156 2381 cum
1201 2322 1264 2380 et
1307 2313 1586 2379 amicitia
1626 2312 1799 2378 facta
1842 2313 2053 2379 officia
2093 2313 2358 2397 hospitii
2402 2321 2572 2381 certe
2616 2315 2959 2381 constituta
3004 2315 3153 2392 sint,

657 2429 723 2489 et
763 2423 1038 2490 hostium
1083 2425 1276 2507 legati
1323 2428 1406 2502 (v.
1449 2423 1618 2489 infra
1660 2445 1725 2508 p.
1767 2428 1870 2502 55)
1914 2422 2334 2490 advenientes
2376 2423 2568 2489 modo
2624 2425 2694 2489 in
2749 2425 2973 2489 villam
3040 2445 3153 2508 pu-

654 2533 891 2601 blicam
945 2534 1157 2600 statim
1215 2534 1610 2600 deducantur
1664 2533 1871 2615 iisque
1925 2535 2103 2600 locus
2160 2533 2362 2599 lautia
2404 2539 2813 2616 praestentur
2829 2585 2844 2616 ,
2906 2541 2969 2600 et
3011 2533 3156 2617 ipse

656 2652 916 2711 senatus
959 2644 1026 2710 in
1069 2642 1325 2729 Illyrios
1363 2644 1532 2720 (Liv.
1577 2643 1785 2727 XLII,
1823 2646 1929 2721 26)
1974 2644 2188 2727 specie
2229 2645 2580 2728 legatorum
2613 2645 2877 2711 Romam
2924 2644 3159 2711 missos

653 2756 887 2822 acerbe
938 2754 1308 2837 invehatur,
1374 2774 1485 2820 cur
1539 2774 1669 2820 non
1727 2753 2005 2820 adierint
2059 2754 2501 2837 magistratum
2519 2802 2536 2837 ,
2599 2761 2671 2820 ut
2729 2775 2811 2822 ex
2864 2754 3156 2820 instituto

656 2866 798 2931 loca
855 2864 1056 2930 lautia
1110 2865 1430 2948 accipiant
1487 2870 1550 2929 et
1592 2862 1977 2948 Astymedes
2017 2862 2408 2929 Rhodiorum
2464 2866 2716 2948 legatus
2772 2884 2831 2931 a.
2880 2867 3153 2947 587s167

655 2982 804 3041 ante
847 2981 1063 3058 patres
1106 2981 1436 3057 queratur,
1481 2974 1875 3040 Rhodiorum
1918 2975 2167 3057 legatos
2210 2979 2406 3040 antea
2448 2993 2530 3040 ex
2572 2974 2828 3057 publico
2871 2973 3157 3058 hospitio

656 3105 827 3152 nunc
869 3104 953 3152 ex
994 3083 1253 3151 sordido
1298 3084 1662 3151 deversorio
1706 3085 1775 3149 in
1820 3083 2057 3150 curiam
2102 3084 2357 3149 venisse
2409 3084 2573 3159 (Liv.
2604 3082 2801 3165 XLV,
2849 3087 2975 3164 32),
3022 3102 3159 3148 cer-

653 3202 788 3261 tum
853 3214 996 3261 esse
1058 3194 1339 3277 videtur,
1407 3178 1722 3261 sociorum
1786 3194 2019 3276 legatis
2074 3195 2343 3258 Romam
2409 3192 2813 3259 venientibus
2874 3193 3092 3259 statim
3106 3195 3157 3271 8)

652 3306 1004 3389 hospitalia
1046 3304 1361 3387 praeberi.
1454 3304 1588 3371 Sed
1627 3323 1801 3369 nunc
1843 3303 2184 3386 quaeritur,
2230 3310 2439 3368 utrum
2479 3304 2624 3368 loca
2666 3302 2869 3368 lautia
2911 3309 2975 3368 ct
3018 3323 3161 3367 mu-

652 3436 774 3481 nus
831 3415 924 3480 eis
979 3414 1239 3480 nomina
1297 3414 1364 3478 in
1420 3414 1668 3480 aerario
1714 3412 1973 3479 Saturni
2030 3410 2463 3478 deferentibus
2520 3418 2815 3495 quaestor
2866 3413 3157 3477 urbanus

653 3526 867 3591 statim
952 3524 1258 3591 locaverit
1341 3524 1737 3606 miseritque,
1838 3542 1923 3587 an
2005 3542 2237 3587 munus
2320 3528 2465 3605 post
2553 3521 2771 3587 datum
2856 3529 3157 3588 senatum

796 3748 842 3810 1)
877 3742 992 3797 Liv.
1027 3740 1280 3807 XXVIII,
1317 3746 1398 3797 39.
1437 3740 1610 3805 XXX,
1652 3746 1731 3794 17.
1767 3740 1938 3808 XLII,
1975 3746 2021 3795 6.
2161 3744 2212 3805 2)
2248 3757 2297 3795 v.
2332 3754 2499 3807 supra
2533 3755 2586 3807 p.
2612 3743 2673 3792 10
2692 3754 2808 3807 sqq.
2842 3756 2897 3807 p.
2934 3743 2997 3793 36
3032 3754 3155 3806 sqq.

653 3838 891 3893 Praetor
935 3836 1208 3891 nonnullis
1258 3836 1390 3890 locis
1435 3834 1570 3901 (Liv.
1607 3833 1781 3901 XXX,
1825 3839 1902 3887 17.
1971 3832 2142 3901 XLII,
2184 3838 2260 3887 19.
2330 3831 2525 3899 XLIV,
2566 3836 2644 3885 16.
2714 3830 2885 3897 XLV,
2924 3834 3003 3896 13)
3044 3846 3155 3897 pro

654 3926 942 3999 qua'estore
993 3927 1320 3993 nominatur,
1372 3928 1469 3982 scd
1519 3929 1567 3982 is
1619 3927 1969 3995 magistratus
2016 3924 2387 3981 tantummodo
2440 3923 2735 3992 hospitalia
2781 3939 2816 3978 a
2863 3927 3157 3990 quaestore

652 4026 863 4080 urbano
907 4020 1218 4092 praebenda
1265 4020 1493 4075 curabat
1539 4022 1604 4091 [v.
1639 4018 2050 4076 Weissenborni
2095 4020 2218 4073 adn.
2254 4018 2326 4073 ad
2358 4019 2476 4072 Liv.
2512 4017 2679 4082 XLV,
2720 4020 2801 4073 13.
2864 4015 3048 4070 Sctum
3080 4015 3156 4070 de

652 4116 1035 4173 Prienensibus
1060 4113 1258 4181 (Lebas
1279 4112 1376 4178 III,
1397 4118 1483 4180 77)
1515 4112 1612 4168 lin.
1637 4119 1697 4169 13
1727 4111 1860 4165 ‘dno
1886 4112 2211 4182 σεστερτίων
2228 4109 2419 4182 νόμων
2442 4108 2637 4165 ἕκατον
2671 4108 2843 4163 εἴκοσι
2868 4109 3156 4179 [Σέρουιος

655 4209 936 4277 Φ]όλουιος
964 4204 1200 4258 Κοΐντου
1235 4202 1440 4263 ὕπατος
1475 4205 1572 4258 τὸν
1608 4207 1814 4277 ταμίαν
1848 4205 2167 4259 ἀποστεῖλαι
2200 4203 2439 4275 nel-5663?
2482 4221 2603 4259 cum
2623 4204 2835 4268 doceat,
2874 4201 3156 4257 consulem

652 4308 994 4372 quaestorem
1032 4299 1220 4355 iubere
1263 4316 1458 4355 munus
1499 4300 1737 4368 mittere,
1782 4315 1879 4369 per
1927 4314 1986 4353 se
2020 4303 2194 4367 patet,
2238 4303 2544 4367 praetorem
2578 4311 2791 4365 quoque
2826 4295 2933 4349 hoc
2966 4294 3155 4348 facere

648 4411 812 4467 posse
847 4407 1116 4462 saepeque
1149 4393 1330 4461 paullo
1364 4393 1733 4461 neglegentius
1770 4409 1804 4447 a
1840 4391 2193 4460 scriptoribus
2218 4393 2392 4446 solum
2415 4390 2679 4460 praetoris
2705 4404 2899 4444 nomen
2926 4387 3156 4451 afferriJ.

656 4496 705 4559 3)
753 4490 944 4557 Itaque
977 4485 1160 4539 Livius
1193 4485 1260 4539 iis
1293 4484 1454 4553 locis,
1491 4502 1625 4556 quos
1662 4501 1829 4555 supra
1872 4489 1937 4551 (v.
1974 4484 2098 4538 adn.
2131 4486 2178 4548 1)
2215 4484 2658 4552 significavimus,
2712 4498 2836 4536 cum
2869 4486 3156 4536 narrasset

652 4587 901 4636 senatum
935 4593 1054 4633 csse
1083 4577 1281 4645 datum,
1319 4578 1498 4633 omnia
1532 4594 1668 4647 quae
1703 4579 1951 4648 praebita
1985 4580 2166 4633 essent
2192 4581 2247 4632 ct
2270 4580 2397 4631 ante
2432 4582 2487 4631 et
2521 4581 2645 4645 post
2677 4580 2927 4629 senatum
2962 4573 3159 4628 datum

652 4674 835 4744 paullo
871 4672 1234 4740 neglegentius
1271 4672 1580 4741 complexus
1613 4675 1713 4727 est.
