3400 5300
1616 320 2038 380 ...40-

575 487 960 556 auctoritate
1002 491 1352 554 commotus
1395 505 1434 555 e
1475 485 1713 553 finibus
1753 484 1925 568 regis
1968 483 2315 550 exercitum
2361 482 2733 550 deduxisset
2776 503 3097 552 coronam

577 618 841 665 auream
884 598 953 662 in
997 596 1310 682 Capitolio
1355 617 1416 663 a.
1460 599 1735 674 5561198
1778 601 2126 684 posuerunt
2166 590 2336 678 (Liv.
2380 591 2667 675 XXXII,
2713 593 2823 678 27)
2839 598 2902 672 ¹).

750 730 813 797 d.
873 731 1004 798 Sed
1062 732 1116 798 si
1159 730 1436 797 Romani
1490 730 1558 795 in
1617 729 1918 814 periculis
1974 721 2270 795 maximis
2334 733 2700 810 versantur,
2761 729 3095 796 sociorum

582 841 754 908 dona
807 840 892 907 ad
943 823 1251 906 auxilium
1292 841 1496 907 allata
1537 846 1650 906 aut
1691 860 1824 906 non
1865 839 2187 924 accipiunt
2230 844 2370 921 aut,
2426 857 2512 904 ne
2568 857 2783 905 eorum
2828 840 3094 907 animos

580 951 931 1033 offendant,
975 949 1046 1016 id
1085 950 1293 1017 solum
1338 968 1375 1015 e
1416 949 1807 1032 muneribus,
1853 947 2025 1032 quod
2068 947 2311 1015 minimi
2356 947 2545 1033 pretii
2576 954 2691 1030 est,
2736 947 3091 1034 accipiunt.

748 1086 850 1153 Ita
895 1105 932 1156 e
975 1086 1162 1156 donis
1191 1083 1762 1169 Neapolitanorum
1805 1085 2160 1166 legatorum
2203 1090 2349 1167 post
2378 1081 2782 1151 Cannensem
2827 1083 3089 1152 cladem

580 1195 976 1264 venientium
1019 1195 1224 1262 solam
1268 1200 1560 1280 pateram
1603 1194 1849 1260 minimi
1892 1192 2079 1277 pretii
2124 1192 2444 1276 accipiunt
2488 1194 2653 1268 (Liv.
2685 1193 2902 1275 XXII,
2932 1194 3085 1278 32);

579 1307 698 1373 sed
741 1325 1000 1392 prorsus
1044 1304 1411 1372 reiiciuntur
1455 1303 1654 1371 dona:

663 1441 1020 1526 legatorum
1083 1459 1126 1506 a
1180 1439 1412 1506 Paesto
1469 1445 1614 1523 post
1677 1457 1961 1524 pugnam
2028 1437 2432 1506 Cannensem
2497 1440 2834 1507 missorum
2908 1439 3083 1517 (Liv.

1469 1546 1686 1630 XXII,
1735 1550 1861 1624 37).

666 1661 1021 1752 legatorum
1066 1655 1472 1742 Carthaginis

1069 1767 1450 1834 Masinissae

1071 1876 1423 1944 Ptolemaei

1593 1715 1990 1782 venientium
2047 1721 2197 1781 ante
2261 1715 2502 1782 bellum
2562 1736 2702 1783 cum
2758 1718 3079 1786 Antiocho

1778 1824 2131 1908 gerendum
2177 1825 2340 1902 (Liv.
2386 1825 2695 1910 XXXVI,
2743 1833 2806 1904 4)
2824 1829 2889 1906 ²).

758 2011 940 2091 Quae
965 2013 1400 2078 Romanorum
1427 2011 1594 2078 ratio
1626 2029 1769 2076 cum
1798 2016 1955 2077 nota
1982 2017 2170 2094 esset,
2201 2030 2333 2077 non
2361 2012 2625 2095 ignarus
2651 2013 3082 2082 verecundiae

581 2140 800 2189 eorum
823 2121 1018 2187 Hiero
1041 2120 1279 2188 donum
1301 2121 1462 2204 auri,
1490 2120 1662 2205 quod
1685 2125 1833 2204 post
1851 2141 2135 2206 pugnam
2156 2120 2563 2188 Cannensem
2582 2120 2833 2188 mittere
2854 2123 3079 2207 voluit,

580 2231 650 2296 in
695 2231 982 2297 habitum
1014 2231 1332 2298 Victoriae
1371 2230 1690 2314 formavit,
1736 2238 1807 2297 ut
1834 2232 2105 2298 Romani
2151 2231 2464 2315 religione
2492 2232 2647 2298 moti
2677 2233 2850 2316 regis
2878 2233 3084 2299 muni-

545 2337 836 2408 ‘ficentia
891 2341 984 2407 uti
1040 2349 1435 2425 cogerentur.
1521 2341 1704 2421 Quae
1748 2339 2006 2424 quidem
2051 2361 2201 2424 spes
2244 2360 2389 2408 eum
2432 2362 2565 2408 non
2608 2341 2869 2426 fefellit;
2926 2363 3078 2408 nam

577 2470 653 2518 re
705 2470 862 2518 vera
905 2449 1184 2516 Victoria
1239 2470 1554 2534 omenque
1610 2456 1709 2517 est
1762 2455 2115 2533 acceptum.
2202 2450 2449 2517 Eadem
2494 2471 2723 2519 caussa
2764 2451 3081 2519 adductus

580 2561 846 2647 Trypho
861 2608 879 2643 ,
945 2560 1243 2627 Antiochi
1306 2560 1437 2627 filio
1493 2561 1827 2643 impubere
1884 2558 2091 2626 occiso
2109 2610 2126 2642 ,
2183 2568 2253 2626 ut
2306 2560 2588 2627 amicitia
2643 2570 3078 2642 renovaretur,

579 2672 926 2739 Victoriam
969 2668 1230 2738 auream
1272 2692 1331 2737 a.
1379 2674 1649 2750 6111143
1695 2671 1899 2753 misit,
1958 2690 2147 2754 quam
2204 2677 2465 2738 senatus
2502 2666 2769 2756 ⁴accepit
2810 2674 2926 2740 sed
2968 2672 3081 2739 καὶ

579 2780 696 2869 τὴν
754 2774 1082 2866 εὐφημίαν
1140 2779 1308 2862 μετὰ
1362 2781 1478 2845 τοῦ
1539 2779 1923 2859 λυσιτελοῦς
1985 2778 2326 2867 ἐτήρησεν,
2388 2774 2536 2846 ἀντὶ
2594 2780 2679 2848 δὲ’
2716 2781 3080 2869 Τρύφωνος

1818 2884 2275 2912 ῧῧῧῧ

583 2998 700 3066 λέα
743 2998 861 3087 τὴν
907 2997 1284 3089 ἐπιγραφήν
1330 2998 1695 3086 ἐποιήσατο
1744 3000 1956 3074 (Diod.
2001 3001 2313 3084 XXXIII,
2361 3005 2463 3085 28,
2507 3001 2695 3093 Dd.).·

1393 3254 1440 3305 2.
1489 3249 1582 3305 De
1628 3250 1812 3320 ipsis
1854 3242 2265 3307 muneribus.

753 3407 811 3453 a.
865 3386 1090 3467 Qualia
1131 3389 1258 3450 sint
1297 3408 1554 3450 munera
1599 3397 1660 3451 et
1706 3408 1864 3473 quae
1906 3387 1985 3451 de
2026 3390 2104 3451 iis
2129 3387 2319 3474 fiant.

751 3522 839 3589 Ut
895 3521 1264 3605 imperatori
1319 3521 1543 3588 victori
1598 3522 2018 3609 triumphales
2080 3543 2353 3591 coronae
2409 3544 2645 3591 aureae
2698 3545 2742 3591 a
2781 3526 3081 3609 gentibus

581 3632 773 3699 sociis
815 3631 1202 3713 afferuntur,
1254 3630 1348 3696 ita
1389 3631 1657 3697 Romam
1702 3639 1848 3717 post
1890 3654 2191 3717 magnam
2235 3633 2562 3700 victoriam
2607 3634 2940 3702 mittuntur
2981 3657 3079 3700 co·

580 3763 780 3806 ronae
833 3761 1066 3806 aureae
1121 3743 1524 3825 (στέφανοι);
1595 3741 1714 3811 sed
1770 3745 2107 3827 paullatim
2163 3744 2232 3810 in
2297 3763 2539 3810 morem
2603 3743 2811 3829 venit,
2872 3746 3079 3813 socios

582 3851 1064 3935 quibuscunque
1118 3851 1559 3920 occasionibus
1615 3853 1785 3921 datis
1841 3874 1955 3938 pro
2017 3855 2203 3921 donis
2258 3853 2528 3920 Romam
2587 3854 2754 3921 ferre
2811 3875 3078 3922 coronas

583 3979 836 4028 aureas.

754 4086 933 4166 Quae
985 4106 1279 4170 munera,
1337 4086 1566 4170 quibus
1609 4124 1692 4135 -
1735 4094 1807 4154 ut
1864 4093 2001 4153 erat
2056 4094 2340 4154 veterum
2397 4091 2788 4157 consuetudo
2848 4126 2929 4138 -
2986 4092 3077 4156 in-

585 4199 825 4283 scripta
867 4196 1063 4265 fuisse
1104 4196 1366 4264 nomina
1409 4218 1626 4265 eorum
1659 4198 1779 4283 -qui
1826 4197 1997 4264 dona
2031 4218 2347 4283 quamque
2377 4200 2457 4266 ob
2489 4216 2781 4269 caussam
2808 4203 3076 4270 Romam

728 4488 773 4551 1)
818 4484 1008 4551 Itaque
1050 4481 1284 4539 fortasse
1318 4456 1618 4539 Ptolemaei
1655 4498 1866 4551 quoque
1911 4482 2078 4550 legati
2123 4481 2258 4549 (Liv.
2294 4484 2462 4553 XLV,
2506 4489 2584 4552 13)
2622 4486 2828 4541 Romae
2872 4487 3077 4555 gratias

585 4582 806 4647 agentes
832 4576 1051 4645 publica
1083 4574 1227 4631 dona
1258 4589 1442 4630 secum
1475 4577 1735 4631 tulerunt.
1875 4578 1927 4642 2)
1961 4574 2197 4645 Philippi
2232 4574 2375 4631 dona
2408 4577 2596 4632 eodem
2632 4582 2876 4647 tempore
2909 4580 3079 4635 allata

585 4666 946 4737 accipiuntur,
981 4666 1125 4736 quod
1158 4667 1275 4723 eius
1308 4666 1435 4725 fidei
1467 4668 1698 4726 Romani
1732 4684 1842 4724 non
1877 4668 2035 4727 nimis
2070 4668 2286 4725 credere
2320 4670 2583 4725 videntur.
