3400 5300
1669 308 2088 370 -30-

630 493 853 541 mense
897 475 1244 542 Februario
1302 476 1531 558 legatis
1575 475 1715 542 dari
1758 476 2020 556 soleret,
2083 475 2389 556 Iudaeos,
2450 484 2786 559 postquam
2831 485 3135 544 senatum

633 585 964 667 adierunt,
1029 593 1174 669 post
1240 585 1460 652 decem
1528 585 1665 652 dies
1723 605 2031 668 responso
2081 592 2349 668 accepto
2406 592 2519 652 aut
2574 587 2714 671 ipso
2774 587 3130 655 Februario

631 713 852 760 mense
909 702 1019 760 aut
1074 695 1469 778 insequentis
1523 695 1703 761 initio
1763 694 2019 760 domum
2077 715 2148 762 se
2205 695 2550 763 contulisse
2591 695 2933 763 verisimile
2976 719 3129 766 esse

632 805 905 872 videtur.

801 915 932 982 Sed
975 922 1044 980 ut
1075 914 1366 982 Caesaris
1410 916 1590 998 quasi
1633 916 1960 998 regnantis
2002 916 2394 1001 temporibus
2439 917 2642 983 multa
2684 936 2838 984 casu
2865 918 3127 984 fortuito

631 1027 887 1108 fiebant,
947 1027 1040 1093 ita
1097 1026 1219 1092 hac
1275 1044 1524 1109 quoque
1581 1027 1916 1092 occasione
1974 1024 2145 1092 data.
2234 1027 2370 1093 Hoc
2429 1027 2600 1093 enim
2660 1035 2921 1094 senatus
2974 1048 3126 1094 con-

631 1139 923 1213 sultum1)
967 1156 1096 1201 non
1143 1136 1367 1203 diebus
1412 1134 1631 1202 decem
1672 1135 1979 1220 proximis
1993 1149 2025 1215 ,·
2057 1136 2286 1219 quibus
2327 1137 2563 1204 factum
2609 1144 2808 1219 esset,
2854 1137 2969 1204 sed
3014 1138 3127 1204 de-

631 1267 802 1312 mum
845 1267 905 1313 a.
952 1244 1014 1310 d.
1058 1245 1174 1311 III.
1240 1246 1462 1313 Nonas
1496 1247 1754 1331 Apriles
1796 1247 1865 1312 P.
1909 1247 2255 1313 Dolabella
2297 1250 2380 1314 M.
2412 1248 2690 1314 Antonio
2734 1248 3123 1332 consulibus,

631 1357 921 1441 quamvis
963 1376 1020 1422 a.
1071 1356 1131 1421 d.
1179 1357 1252 1420 V.
1298 1356 1393 1437 Id.
1432 1357 1617 1423 Febr.
1662 1357 1731 1422 in
1762 1355 2155 1424 Concordiae
2198 1360 2436 1443 templo
2480 1359 2607 1424 iam
2651 1358 2887 1424 factum
2931 1367 3123 1442 esset,

631 1469 716 1534 ad
773 1468 1090 1558 aerarium
1150 1465 1431 1532 delatum
1491 1485 1632 1532 esne
1689 1467 1859 1534 idem
1906 1468 2218 1554 Iosephus
2274 1468 2475 1551 (XIV,
2527 1475 2623 1550 10,
2677 1473 2777 1547 10)
2836 1470 3123 1536 tradidit.

630 1581 760 1645 Res
818 1577 1008 1661 igitur
1065 1578 1154 1642 sic
1213 1596 1356 1644 sese
1412 1575 1672 1642 habent.
1762 1578 2143 1644 Iudaeorum
2201 1579 2399 1663 legati
2457 1599 2598 1645 cum
2654 1601 2714 1645 a.
2779 1580 2838 1646 d.
2888 1580 2961 1645 V.
3020 1581 3119 1646 Id.

628 1689 817 1754 Febr.
877 1694 1167 1753 senatum
1224 1686 1564 1768 adiissent,
1625 1692 1773 1771 post
1827 1687 2048 1755 decem
2107 1687 2243 1756 dies
2298 1696 2559 1755 senatus
2602 1691 2956 1756 consultum
3000 1691 3121 1757 rite

631 1799 1047 1880 compositum
1105 1797 1226 1863 sibi
1285 1796 1502 1863 datum
1559 1797 1636 1860 iri
1681 1805 2250 1882 exspectaverunt3
2312 1800 2427 1866 sed
2484 1819 2626 1865 cum
2672 1806 2735 1865 et
2775 1799 2919 1882 ipsa
2962 1805 3120 1866 tem-

627 1928 788 1992 pora
831 1913 1049 1973 essent
1089 1906 1344 1972 turbida
1389 1913 1452 1972 et
1493 1913 1643 1972 ante
1656 1909 1700 1984 ²)
1745 1908 2129 1991 Lupercalia
2172 1908 2408 1974 Cacsar
2444 1929 2480 1974 e
2523 1916 2783 1976 senatus
2827 1910 3117 1976 consulto

629 2024 693 2084 et
737 2017 1071 2100 plebiscito
1114 2016 1385 2082 dictator
1426 2024 1772 2100 perpetuus
1817 2018 2148 2102 diceretur,
2195 2018 2429 2085 deinde
2472 2019 2855 2105 Lupercalia
2867 2022 2910 2096 ³)
2958 2021 3120 2086 cele-

630 2116 984 2210 brarentur,
1029 2129 1314 2212 postea⁴)
1358 2127 1652 2193 consules
1696 2135 1761 2194 et
1802 2128 2038 2194 tribuni
2084 2128 2292 2211 plebis
2337 2138 2718 2212 crearentur,
2766 2129 2871 2196 die
2900 2149 2982 2196 ex
3013 2129 3116 2195 die

632 2238 819 2305 ducto
870 2239 1091 2304 Idibus
1147 2237 1394 2302 Martiis
1449 2235 1686 2302 Caesar
1743 2238 1950 2304 subito
2010 2240 2252 2306 occisus
2311 2246 2425 2306 est.
2514 2243 2726 2306 Tanta
2782 2246 2997 2304 autem
3051 2239 3117 2303 in

628 2350 1018 2434 reipublicae
1062 2347 1542 2432 perturbatione
1586 2367 1728 2413 cum
1773 2348 1944 2414 haud
1988 2349 2161 2415 illico
2206 2350 2289 2417 de
2332 2351 2592 2418 Iudaeis
2636 2349 2751 2416 sed
2794 2357 2989 2416 antea
3034 2349 3113 2444 de

626 2461 817 2527 rebus
858 2459 1255 2544 gravioribus
1298 2458 1695 2540 cogitaretur,
1742 2459 1968 2523 mirum
2010 2480 2136 2524 non
2182 2469 2296 2542 661,
2344 2462 2513 2545 quod
2556 2481 2615 2526 a.
2664 2459 2723 2525 d.
2764 2459 2902 2524 VII.
2948 2459 3113 2524 Non.

625 2569 829 2656 April.
883 2570 1138 2634 demum
1183 2573 1446 2634 senatus
1489 2568 1846 2634 consultum
1889 2570 1975 2635 ad
2018 2572 2333 2637 aerarium
2378 2591 2520 2638 6666
2565 2569 2977 2636 deferendum
3021 2589 3117 2635 se-

625 2681 803 2747 natui
869 2680 1128 2763 placuit.
1231 2678 1391 2744 Cum
1456 2697 1606 2744 vero
1675 2677 1902 2745 diebus
1957 2702 2001 2745 x
2057 2683 2362 2765 proximis
2430 2690 2691 2749 senatus
2756 2682 3112 2747 consultum

625 2792 926 2874 scriptum
985 2788 1242 2854 Iudaeis
1310 2787 1526 2854 datum
1586 2809 1729 2856 esse
1786 2789 2111 2874 videatur,
2182 2793 2335 2859 inde
2392 2799 2694 2876 apparet,
2764 2811 2874 2858 eos
2931 2790 3112 2857 initio

626 2902 864 2969 mensis
908 2900 1240 2967 Februarii
1282 2901 1550 2965 Romam
1605 2900 1938 2967 venientes
1994 2920 2109 2984 per
2168 2909 2333 2969 totos
2388 2923 2640 2970 menses
2697 2902 3112 2967 Februarium

627 3018 692 3079 et
733 3013 1028 3077 Martium
1075 3016 1138 3077 et
1195 3029 1311 3092 per
1365 3009 1704 3093 plerosque
1761 3010 2156 3093 insequentis
2198 3012 2437 3096 Aprilis
2484 3013 2621 3080 dies
2663 3014 2907 3078 Romae
2951 3032 3113 3077 com-

626 3129 905 3187 moratos
937 3140 1096 3187 esse.
1141 3121 1321 3185 Idem
1351 3120 1482 3185 fere
1514 3140 1628 3203 per
1650 3121 1953 3203 temporis
1974 3122 2251 3204 spatium
2273 3142 2389 3189 eae
2411 3123 2713 3189 tredecim
2738 3123 3112 3206 legationeS,

627 3251 892 3315 quarum
935 3231 1156 3297 Livius
1200 3231 1589 3297 mentionem
1633 3230 1785 3296 facit
1828 3231 2090 3314 (XLIII,
2126 3235 2334 3313 5—8)‚
2382 3234 2625 3298 Romae
2667 3233 2982 3299 mansisse
3024 3231 3113 3296 vi-

628 3342 857 3407 dentur
917 3345 998 3419 [v.
1044 3341 1354 3407 Archives
1401 3340 1513 3406 des
1557 3339 1731 3407 miss.
1779 3340 2201 3422 scieutifiques
2245 3341 2379 3423 VII,
2422 3363 2483 3425 p.
2530 3345 2653 3407 375
2720 3344 2903 3409 Paris
2952 3346 3111 3407 1872

626 3456 746 3529 (661
788 3451 1104 3515 Foucartii
1151 3449 1497 3534 disputatio
1543 3449 1623 3516 de
1668 3456 1801 3515 scto
1846 3449 1928 3515 de
1972 3451 2315 3519 Thisbaeis
2358 3473 2418 3517 a.
2459 3455 2730 3530 584s170
2774 3452 3007 3531 facto)].

795 3561 895 3625 Ita
939 3560 1130 3625 etiam
1174 3561 1229 3625 si
1269 3560 1413 3643 ipsa
1455 3558 1524 3623 in
1567 3560 1725 3624 urbe
1772 3559 1851 3624 de
1896 3560 2263 3627 criminibus
2306 3563 2635 3647 agebatur,
2684 3563 2944 3645 quaein
2974 3580 3108 3626 ma-

622 3672 922 3755 gistratus
950 3670 1274 3735 Romanos
1318 3670 1629 3735 sociorum
1673 3670 1869 3752 legati
1897 3671 2261 3753 attulerant,
2310 3674 2449 3739 sine
2480 3674 2673 3739 dubio
2714 3673 2795 3738 de
2825 3673 3111 3755 longiore

622 3782 927 3865 temporis
969 3780 1197 3863 spatio,
1243 3800 1366 3862 quo
1409 3780 1606 3863 legati
1652 3783 1895 3846 Romae
1937 3783 2304 3865 manebant,
2351 3783 2758 3866 cogitandum
2804 3788 2919 3849 661.

795 3891 1205 3957 Gratulantes
1258 3897 1472 3957 autem
1527 3892 1777 3973 legatos
1834 3910 2085 3974 semper
2148 3891 2257 3956 diu
2307 3894 2549 3958 Romae
2604 3892 2866 3971 morari,
2926 3891 3110 3956 nobis

623 4008 997 4085 argumenta
1055 4008 1311 4085 praesto
1367 4008 1516 4066 sunt
1565 3984 1696 4066 non
1750 4020 1975 4083 pauca.
2064 4001 2221 4066 Cum
2279 4003 2449 4067 enim
2498 4007 2775 4083 constet,
2836 4020 2945 4067 eos
2989 3996 3145 4083 pri·-

623 4132 796 4177 mum
860 4131 1125 4177 coronas
1188 4130 1418 4177 aureas
1482 4111 1618 4177 sive
1679 4111 1811 4175 alia
1874 4109 2143 4176 donaria
2209 4116 2289 4189 (v.
2347 4131 2407 4193 p.
2463 4114 2537 4175 13
2596 4119 2735 4194 sq.).
2843 4113 3110 4177 Romam

756 4400 811 4463 ⁴1)
845 4396 1051 4463 Sequor
1084 4395 1367 4450 Ritschelii
1401 4396 1664 4449 rationem
1698 4394 1859 4460 (Mus.
1883 4394 2057 4449 Rhen.
2082 4396 2333 4463 XXVIII,
2370 4401 2466 4450 605
2489 4400 2588 4465 sq.)
2640 4414 2686 4451 v.
2722 4412 2773 4463 p.
2812 4400 2877 4449 26
2912 4394 3036 4449 adn.
3060 4402 3109 4448 4.

622 4494 675 4556 2)
713 4490 823 4545 Cic.
859 4480 998 4546 Phil.
1033 4488 1102 4555 11,
1142 4493 1222 4556 34,
1259 4493 1341 4543 87.
1395 4488 1500 4544 Dio
1538 4489 1596 4543 Ο.
1634 4493 1717 4551 46,
1757 4492 1834 4541 17.
1887 4488 2032 4543 Flor.
2073 4489 2165 4555 IV,
2202 4493 2250 4555 2,
2286 4493 2369 4543 91.
2514 4494 2567 4553 3)
2602 4506 2649 4543 v.
2685 4488 2899 4556 Langii:
2935 4489 3003 4542 R.
3040 4489 3109 4543 A.

619 4583 715 4647 111,
751 4588 868 4636 471.
1044 4584 1096 4648 4)
1131 4581 1236 4636 Dio
1275 4582 1330 4636 G.
1368 4587 1557 4647 44,11.
1620 4581 1723 4636 Nic
1759 4581 1913 4637 Dam.
1948 4581 2039 4637 vit.
2073 4583 2211 4651 Aug.
2250 4586 2331 4647 22,
2370 4586 2448 4636 23.
2514 4582 2659 4637 Suet.
2697 4582 2849 4637 Caes.
2888 4586 2971 4636 80.

621 4681 672 4740 5)
708 4676 824 4729 Liv.
861 4674 1058 4740 XXVI,
1096 4679 1160 4729 26
1196 4690 1272 4745 sq.
1323 4674 1628 4739 XXXVIII,
1665 4679 1749 4729 43.
1800 4674 1997 4742 XLIII,
2035 4680 2083 4729 2.
2121 4681 2167 4731 7.
