3400 5300
1692 307 2115 370 ...70-

666 472 872 540 solum
931 477 1194 540 senatus
1247 473 1608 541 consultum
1656 473 1775 540 sed
1816 475 2009 542 etiam
2052 493 2319 542 munera
2360 480 2425 542 et
2465 473 2712 542 litteras
2755 472 3167 542 commenda-

665 583 852 651 ticias
893 619 979 630 —
1021 583 1075 650 si
1121 590 1384 652 senatus
1428 603 1538 650 eas
1583 582 1957 651 decreverat
1998 619 2076 630 —
2125 585 2281 651 data
2324 604 2496 668 esse,
2540 605 2671 651 non
2713 604 2973 668 prorsus
3016 603 3165 650 cum

667 694 1219 762 verisimilitudine
1262 702 1524 778 pugnat.
1583 694 1715 761 Sed
1759 717 1890 763 non
1934 716 2076 762 raro
2120 695 2367 780 legatos
2409 701 2557 779 post
2598 699 2893 761 senatum
2937 694 3161 760 datum

669 805 1051 888 permultum
1101 805 1407 890 temporis
1457 807 1957 891 exspectavisse,
2000 813 2073 873 ut
2112 815 2251 873 scta
2290 808 2671 892 acciperent,
2717 803 2870 871 inde
2912 803 3165 870 conclu-

667 913 913 997 dimus,
983 914 1152 999 quod
1215 916 1382 983 inter
1445 916 1576 982 alia
1629 916 1943 983 beneficia
1997 917 2379 983 Iudaeorum
2442 915 2677 998 legatis
2737 915 2806 981 in
2860 913 3164 982 Caesaris

671 1024 926 1091 decreto
990 1045 1050 1091 a.
1110 1029 1336 1104 707l47
1409 1026 1647 1094 diserte
1712 1027 2123 1094 constitutum
2190 1034 2288 1093 est
2348 1021 2433 1090 τὰ
2496 1017 2921 1109 ἀποκρίματα
2984 1021 3164 1090 ἀπο-

673 1129 997 1200 δίδοσθαι
1041 1132 1109 1200 &v
1151 1129 1426 1222 ἡμέραις
1471 1137 1624 1202 δέκα
1667 1140 1817 1214 ταῖς
1859 1130 2157 1214 ἁπάσαις
2198 1129 2322 1222 ἀφ’
2372 1123 2449 1221 ἧς
2491 1128 2572 1201 ἂν
2614 1134 2694 1200 τὸ
2739 1131 2950 1220 δόγμα
2977 1132 3167 1219 γένη-

671 1268 802 1310 ται.
847 1246 993 1324 (Ios.
1024 1246 1102 1311 A.
1131 1249 1183 1313 Ι.
1212 1246 1391 1329 XIV,
1429 1252 1525 1330 10,
1559 1253 1616 1314 6.
1659 1246 2142 1314 Mendelssohni
2185 1249 2229 1318 1.
2262 1268 2312 1315 s.
2342 1269 2403 1332 p.
2447 1251 2562 1312 197
2592 1249 2731 1329 sq.).
2798 1244 2926 1314 Sed
2955 1265 3169 1329 neque

671 1362 809 1422 scta
852 1354 936 1423 de
977 1357 1280 1425 societate
1321 1357 1616 1426 facienda
1657 1377 1869 1441 neque
1916 1357 2097 1424 aliud
2139 1357 2459 1441 quoddam
2515 1363 2718 1424 sctum
2774 1358 2839 1422 in
2878 1377 3030 1420 acre
3070 1358 3169 1418 in-

670 1468 970 1552 scriptum
1033 1468 1264 1552 legatis
1328 1467 1734 1553 tradebatur,
1801 1468 1918 1536 sed
1984 1468 2196 1554 potius
2250 1487 2427 1536 more
2478 1469 2909 1536 Romanorum
2977 1469 3165 1536 solito

671 1577 1113 1661 conscriptum.

841 1687 1008 1754 Nam
1051 1696 1192 1758 scta
1235 1689 1316 1756 de
1358 1690 1700 1757 Thisbaeis
1744 1697 1811 1756 et
1851 1689 1934 1758 de
1978 1689 2434 1757 Prienensibus
2476 1689 2835 1772 Samiisque
2888 1690 2961 1756 in
3003 1710 3167 1755 mar-

671 1818 850 1865 more
890 1799 1095 1867 incisa
1137 1821 1268 1866 non
1314 1801 1558 1867 Romae
1602 1819 1749 1868 esse
1792 1800 1990 1883 facta,
2050 1799 2167 1867 sed
2209 1801 2278 1865 in
2320 1799 2625 1884 Graecia,
2668 1805 2951 1883 constat,
2996 1800 3168 1883 quod

669 1911 1099 1975 Romanorum
1154 1917 1302 1976 acta
1356 1909 1617 1994 publica
1671 1911 1752 1977 iis
1796 1911 2188 1995 temporibus
2230 1912 2475 1978 Romae
2516 1930 2841 1994 nunquam
2884 1910 2956 1976 in
2998 1930 3166 1977 mar-

669 2039 848 2086 more
887 2019 1402 2086 inscribebantur
1413 2023 1481 2096 ²).

842 2129 1137 2212 Denique
1176 2129 1322 2214 ipsa
1362 2131 1480 2198 scti
1523 2132 1728 2198 forma
1770 2132 1998 2200 eadem
2042 2139 2197 2215 erat,
2242 2152 2433 2215 quam
2476 2131 2744 2200 aliorum
2786 2137 2964 2198 nota.
3050 2133 3170 2197 Le-

670 2247 963 2324 gatorum
1016 2259 1170 2306 vero
1225 2241 1488 2309 nomina
1542 2249 1654 2308 aut
1708 2243 1777 2308 in
1833 2243 2016 2310 initio
2028 2245 2074 2320 ³)
2132 2250 2245 2310 aut
2296 2243 2366 2308 in
2421 2249 2707 2310 extrema
2718 2243 2765 2323 ⁴)
2820 2248 3009 2327 parte
3050 2243 3171 2309 scti

673 2353 1078 2436 ponebantur
1131 2352 1302 2438 iique
1346 2353 1530 2432 dici³)
1576 2354 1875 2420 solebant
1929 2351 2121 2419 καλοὶ
2161 2349 2271 2418 καὶ
2316 2345 2566 2437 ἀγαθοὶ
2608 2352 2715 2418 καὶ
2761 2348 2953 2437 φίλοι
2995 2376 3171 2434 πεμ-

675 2465 961 2548 φθέντες
1003 2460 1190 2545 παρὰ
1235 2460 1446 2549 δήμου
1489 2464 1688 2530 καλοῦ
1734 2463 1847 2530 καὶ
1892 2458 2155 2549 ἀγαθοῦ
2200 2461 2542 2547 συμμάχου
2586 2488 2677 2530 τε.
2762 2463 3059 2547 Denique
3098 2463 3170 2528 in

675 2578 964 2642 extrema
1019 2574 1138 2640 scti
1191 2581 1376 2659 parte
1432 2582 1497 2641 et
1555 2574 1638 2644 de
1693 2582 1829 2642 scto
1884 2575 1953 2640 in
2010 2575 2233 2641 tabula
2272 2574 2738 2653 inscribendo³)
2780 2610 2865 2621 —
2910 2575 2967 2641 si
3007 2595 3171 2660 opus

671 2683 799 2749 fu1t
841 2720 926 2730 --
970 2691 1034 2751 et
1077 2684 1159 2751 de
1200 2686 1565 2753 muneribus
1605 2686 1674 2752 in
1718 2686 2005 2771 singulos
2045 2686 2433 2765 m1ttend1s⁵)
2476 2708 2686 2757 sermo
2730 2694 2888 2754 erat.

816 2921 865 2984 1)
898 2937 945 2974 v.
981 2919 1326 2977 Mommseni·
1361 2923 1448 2979 sui
1480 2923 1626 2980 modi
1660 2940 1741 2993 sq.
1778 2923 1962 2979 annali
1993 2927 2035 2978 t.
2057 2924 2231 2993 XXX,
2268 2940 2320 2993 p.
2344 2928 2461 2979 214.
2495 2923 2712 2993 Langii.
2748 2923 2813 2978 R
2834 2923 2903 2977 A.
2928 2922 3023 2989 11²,
3050 2928 3168 2978 309.

677 3010 899 3083 Paulyi:
935 3012 1190 3070 Realenc.
1227 3031 1272 3070 s.
1288 3032 1338 3071 ν.
1374 3022 1567 3085 sctum,
1601 3034 1647 3073 s.
1667 3034 1715 3071 v.
1737 3018 1985 3087 epistula.
2123 3023 2173 3074 2»
2207 3018 2273 3073 In
2305 3018 2657 3075 societatibus
2691 3022 2874 3072 autem
2905 3015 3169 3071 faciendis

679 3110 738 3160 et
768 3106 828 3161 in
862 3107 1220 3165 concedendis
1252 3109 1542 3179 privilegiis
1578 3116 1830 3166 senatum
1864 3111 2065 3167 diserte
2098 3111 2448 3181 significasse,
2489 3111 2651 3183 sociis
2685 3111 2743 3165 in
2776 3110 2958 3181 patria
2991 3116 3168 3167 sctum

675 3198 734 3256 in
777 3200 958 3271 lapide
1002 3202 1086 3257 vel
1128 3203 1237 3257 alia
1278 3204 1501 3259 materie
1544 3204 1947 3261 inscribendum
1983 3220 2125 3271 esse,
2172 3205 2282 3259 iam
2314 3220 2483 3274 supra
2516 3203 2909 3261 annotavimus.
2979 3202 3091 3261 Sed
3123 3204 3171 3259 si

679 3298 900 3350 senatus
935 3295 1172 3352 decrevit
1221 3297 1287 3352 de
1333 3299 1496 3353 rebus
1545 3298 1664 3354 sola
1706 3297 1778 3353 ad
1818 3303 2063 3367 tempora
2106 3298 2415 3367 praesentia
2450 3298 2615 3361 (sicut
2649 3297 2714 3352 de
2747 3299 3020 3368 potestate
3054 3296 3169 3351 fru-

678 3388 846 3442 menti
893 3390 1212 3459 exportandi
1243 3390 1469 3447 Rhodiis
1515 3391 1683 3457 facta)
1735 3390 2161 3461 pertinentibus,
2207 3390 2370 3449 sociis
2416 3394 2539 3447 scta
2582 3391 2642 3446 in
2688 3405 2817 3445 aere
2858 3392 2960 3445 aut
2992 3390 3172 3460 lapide

678 3479 975 3537 inscribere
1020 3498 1159 3553 opus
1202 3500 1314 3539 non
1357 3483 1476 3539 fuit.
1661 3484 1714 3548 3)
1759 3501 1808 3539 v.
1848 3484 2033 3539 Sctum
2078 3483 2148 3540 de
2178 3484 2395 3555 Asclep.
2436 3484 2630 3539 Graec.
2666 3498 2744 3537 νε.
2788 3487 2847 3536 10
2882 3481 2949 3536 de
2983 3482 3172 3553 Astyp.

678 3588 755 3628 vs.
793 3578 822 3629 3
859 3574 928 3629 de
960 3575 1234 3631 Prieneus.
1271 3593 1348 3633 vs.
1384 3582 1432 3631 7.
1574 3580 1628 3643 4)
1660 3576 1817 3645 Quod
1849 3578 2150 3647 legatorum
2181 3577 2401 3634 nomina
2432 3576 2489 3632 in
2522 3576 2630 3631 fine
2662 3573 2952 3638 adduntur,
2987 3575 3175 3631 eodem

681 3666 842 3722 modo
890 3668 948 3723 in
993 3667 1225 3724 decretis
1270 3669 1684 3739 municipalibus
1734 3671 2052 3740 quibusdam
2094 3672 2161 3727 de
2194 3671 2443 3727 clientela
2473 3669 2815 3739 impetranda
2846 3669 3012 3739 legati
3044 3668 3173 3724 sub-

679 3760 1060 3817 scribebantur
1101 3764 1166 3827 (ν.
1202 3761 1596 3819 Mommsenus:
1644 3764 1801 3819 Rom.
1837 3763 2157 3832 Forsch.1‚
2192 3770 2311 3827 340)
2359 3764 2505 3819 velut
2552 3762 2611 3818 in
2658 3763 2859 3819 decret.
2894 3762 3173 3819 Ferentin.

682 3852 863 3916 (Orell.
886 3852 1042 3923 7845.
1086 3872 1137 3911 ν.
1171 3856 1648 3913 Mendelssohnil.
1683 3874 1728 3913 s.
1760 3860 1815 3929 p.
1851 3863 1951 3915 246
1985 3858 2057 3915 ad
2087 3859 2195 3916 Ios.
2230 3858 2295 3913 Δ.
2331 3859 2374 3912 1.
2410 3857 2559 3927 XIV,
2592 3862 2672 3925 10,
2714 3862 2793 3911 10.
2932 3860 2988 3925 5)
3020 3856 3173 3913 Nun·

683 3961 844 4015 qnam
880 3948 945 4003 de
978 3950 1102 4006 loco
1136 3950 1318 4007 lautiis
1352 3952 1678 4020 praebendis
1714 3952 1912 4009 diserte
1943 3952 2145 4009 mentio
2180 3950 2257 4009 fit.

3340 2804 3351 3441 i

3333 3556 3349 4238 ψ

2608 4328 3347 5053 Ῐἐ
