3400 5300
1338 291 1761 356 -39-

390 458 762 526 Latinorum
809 464 872 524 et
901 458 1319 524 Hernicorum
1362 459 1753 542 gratulatum
1799 459 1883 526 de
1911 459 2253 526 concordia
2280 465 2530 544 patrum
2560 478 2637 527 ac
2664 460 2803 545 ple·

609 570 710 635 bis
752 589 812 634 a.
860 571 1132 646 3081446
1177 567 1343 647 (Liv.
1388 569 1506 651 III,
1556 573 1681 649 57),

393 679 1008 764 Carthaginiensium
1051 679 1440 762 gratulatum
1486 679 1568 746 de
1609 679 1877 746 victoria
1920 678 2002 745 de
2038 678 2431 745 Samnitibus
2472 684 2801 763 reportata

608 809 668 854 a.
713 793 987 862 4141340
1031 788 1194 868 (Liv.
1241 789 1384 872 VII,
1432 793 1556 874 38),

391 899 884 983 Saguntinorum
953 896 1033 964 de
1089 899 1279 966 rebus
1335 900 1735 983 gratulantes
1790 919 1832 965 a
1887 898 1958 963 P.
2004 897 2303 984 Scipione
2358 898 2427 964 in
2484 897 2799 984 Hispania

609 1009 807 1092 gestis
850 1029 909 1074 a.
957 1010 1229 1086 5491205
1277 1009 1437 1080 (Liv.
1482 1008 1797 1092 XXVIII,
1845 1011 1973 1084 39).

390 1117 674 1203 Philippi
750 1118 920 1201 regis
1006 1119 1404 1202 gratulantes
1483 1118 1564 1186 de
1641 1120 1810 1185 victo
1888 1117 2202 1184 Antiocho
2281 1119 2550 1195 5631191
2634 1116 2799 1195 (Liv.

610 1227 920 1312 XXXVI,
961 1232 1088 1306 35).

479 1337 660 1417 Quae
712 1357 853 1404 cum
910 1338 1001 1404 ita
1053 1339 1216 1420 sint,
1275 1336 1450 1408 dona
1507 1337 1800 1405 attulisse
1841 1337 2192 1404 Ptolemaei
2247 1355 2497 1420 quoque
2551 1337 2803 1420 legatos

309 1469 368 1515 a.
415 1448 687 1529 5641190
732 1447 1143 1530 gratulantes,
1190 1446 1358 1531 quod
1403 1448 1504 1512 Μ’.
1552 1446 1796 1514 Acilius
1839 1447 2061 1513 consul
2104 1447 2488 1514 Antiochum
2531 1446 2803 1513 Graecia

310 1557 664 1643 expulisset
721 1556 883 1635 (Liv.
942 1556 1302 1637 XXXVII,
1363 1561 1424 1635 3)
1484 1564 1548 1625 et
1599 1556 1900 1623 Antiochi
1965 1557 2354 1640 legationem
2411 1578 2469 1623 a.
2527 1558 2799 1636 5861168

313 1669 477 1750 (Liv.
534 1667 742 1749 XLV,
808 1669 939 1751 13),
1011 1666 1402 1751 Prusiaeque
1466 1688 1524 1733 a.
1588 1671 1857 1746 5871167
1914 1668 2312 1751 gratulantes
2378 1667 2541 1745 (Liv.
2599 1666 2800 1746 XLV,

309 1782 445 1860 44),
505 1775 674 1861 quod
717 1776 989 1844 Perseus
1042 1777 1246 1845 victus
1306 1784 1370 1844 et
1425 1784 1649 1863 captus
1695 1784 1883 1860 esset,
1930 1775 2313 1843 concludere
2353 1796 2472 1843 nos
2514 1796 2647 1843 non
2691 1775 2804 1840 du·

307 1889 604 1955 bitamus.

476 1998 539 2063 b.
585 1995 972 2080 Legationes
1017 2013 1181 2077 quae
1225 1998 1492 2062 Romam
1534 1997 1803 2065 veniunt
1858 2005 1971 2064 aut
2027 2004 2099 2063 ut
2156 1997 2525 2065 societatem
2581 1997 2804 2063 ineant

309 2114 420 2174 aut
461 2113 532 2173 ut
572 2106 941 2174 societatem
984 2107 1114 2169 iam
1159 2105 1332 2188 prius
1362 2105 1593 2171 factam
1625 2106 2016 2189 confirment,
2063 2127 2315 2192 semper
2343 2107 2602 2193 publica
2631 2104 2805 2171 dona

310 2238 526 2285 secum
570 2216 754 2296 ferre,
802 2234 839 2280 e
865 2211 1212 2298 'permultis
1256 2215 1569 2298 exemplis
1612 2224 1885 2300 apparet
1927 2216 2047 2282 his.

480 2325 636 2392 Cum
683 2325 866 2391 donis
907 2326 1175 2391 Romam
1219 2331 1561 2390 venerunt:

479 2441 544 2513 α)
591 2436 677 2500 ad
713 2437 1070 2498 societatem
1096 2432 1496 2517 faciendam:

373 2546 570 2631 legati
612 2543 963 2611 Ptolemaei
1008 2544 1094 2609 ΙΙ.
1139 2542 1553 2629 Philadelphi
1598 2565 1655 2610 a.
1707 2547 2061 2626 481l2731),

611 2657 1193 2739 Lampsacenorum
1235 2675 1294 2720 a.
1345 2659 1614 2733 5841170
1661 2656 1823 2733 (Liv.
1868 2656 2111 2738 XLIII,
2160 2655 2245 2742 6),

618 2765 1007 2831 Rhodiorum
1051 2785 1110 2829 a.
1159 2766 1429 2842 5871167
1477 2765 1638 2841 (Pol.
1684 2766 1904 2847 XXX,
1952 2772 2011 2832 5.
2056 2768 2195 2833 Liv.
2240 2767 2441 2845 XLV,
2486 2770 2614 2849 25),

616 2873 996 2940 Iudaeorum
1041 2894 1101 2940 a.
1147 2878 1419 2952 6151139
1465 2875 1632 2953 (Ios..
1661 2877 1738 2941 A.
1781 2877 1831 2942 Ι.
1877 2876 2055 2960 XIV,
2104 2881 2161 2958 8,
2211 2881 2273 2953 5)
2290 2880 2355 2953 ¹).

479 3014 545 3094 β)
590 3010 676 3073 ad
712 3011 1068 3074 societatem
1111 3009 1561 3075 renovandam:

376 3123 746 3188 Athenaeus
787 3119 1092 3185 Eumenis
1135 3119 1330 3186 frater
1372 3139 1429 3185 a.
1478 3123 1748 3198 5711183
1796 3119 1957 3195 (Pol.
2002 3120 2243 3202 XXIV,
2295 3125 2376 3202 1),
2486 3106 2493 3115 ’

372 3230 570 3315 legati
615 3230 909 3296 Antiochi
953 3230 1120 3313 regis
1163 3250 1221 3295 a.
1270 3232 1539 3306 5811173
1585 3229 1748 3308 (Liv.
1794 3229 1997 3311 XLII,
2046 3232 2131 3312 6),

616 3339 1108 3405 Alabandenses
1150 3358 1212 3403 a.
1260 3342 1529 3415 5841170
1574 3338 1741 3416 (Liv.
1784 3337 2022 3421 XLIII,
2070 3343 2152 3421 6),

616 3448 1138 3533 Pamphyliorum
1182 3468 1240 3513 a.
1289 3450 1560 3525 5851169
1605 3450 1771 3529 (Liv.
1817 3449 2050 3531 XLIV,
2106 3453 2224 3527 14).

616 3556 914 3623 Antiochi
956 3557 1125 3639 regis
1167 3578 1226 3623 a.
1275 3560 1546 3627 5851169
1592 3560 1752 3637 (Pol.
1797 3558 2110 3643 XXVIII,
2161 3562 2284 3643 18),

618 3666 1008 3751 Orophernis
1052 3687 1111 3731 a.
1158 3666 1427 3753 5971157
1477 3669 1635 3747 (Pol.
1680 3669 1967 3751 XXXII,
2016 3667 2145 3754 20),

616 3776 982 3861 Tryphonis
1026 3796 1085 3841 a.
1134 3777 1463 3864 611s143³)
1507 3777 1720 3856 (Diod.
1767 3778 2089 3861 XXXIII,
2138 3783 2261 3857 28).

484 3933 538 3980 c.
583 3912 688 3978 Fit
745 3914 967 3991 etiam,
1019 3920 1092 3979 ut
1132 3913 1488 3997 legationes
1529 3914 1772 3997 gratias
1815 3921 2083 3998 agentes
2126 3914 2298 3980 dona
2339 3916 2608 3981 Romam
2651 3914 2804 3982 affe·

299 4029 491 4104 rant,
553 4044 718 4106 quae
775 4024 1048 4090 libenter
1113 4023 1528 4107 accipiantur.
1627 4026 1728 4089 Ita
1782 4026 1979 4109 legati
2038 4046 2080 4090 a
2137 4043 2290 4107 rege
2343 4025 2563 4091 Attalo
2627 4025 2805 4092 missi

311 4133 552 4216 gratias
623 4134 874 4200 senatui
936 4140 1229 4218 agentes,
1302 4134 1472 4217 quod
1536 4135 1892 4202 Antiochus
1954 4136 2308 4219 legatorum
2372 4135 2804 4202 Romanorum

456 4380 504 4441 1)
552 4376 664 4429 Liv.
703 4389 786 4442 ep.
819 4374 966 4430 XIV.
1018 4375 1207 4431 lustin.
1242 4375 1416 4442 XVII,
1453 4381 1499 4430 2.
1553 4376 1709 4429 Eutr.
1744 4376 1813 4441 ΙΙ,
1850 4380 1899 4431 9.
1952 4376 2071 4433 Val.
2104 4375 2253 4431 Max.
2289 4375 2382 4443 IV,
2418 4381 2467 4432 3.
2502 4381 2549 4431 9.
2601 4376 2706 4432 Dio
2743 4378 2803 4433 G.

314 4467 381 4522 fr.
419 4473 480 4523 41
520 4468 624 4522 Dd.
677 4467 811 4522 Zon.
832 4467 978 4534 VIII,
1017 4474 1047 4523 6
1083 4469 1146 4522 Β.
1285 4474 1335 4535 2)
1370 4470 1412 4522 1.
1447 4468 1622 4524 Maec.
1658 4468 1804 4537 XIV,
1842 4473 1922 4523 24.
1968 4488 2017 4525 v.
2050 4468 2459 4525 Mendelssohni
2490 4472 2613 4525 scta
2643 4470 2803 4527 Rom.

316 4576 407 4631 ap.
442 4561 549 4616 Ios.
584 4577 636 4629 p.
678 4566 771 4616 116
808 4576 885 4629 sq.
957 4560 1099 4615 Mus.
1135 4561 1308 4617 Rhen.
1344 4560 1603 4629 XXVIII,
1655 4566 1754 4617 586
1790 4579 1871 4632 sq.
2042 4567 2093 4628 3)
2136 4562 2258 4617 Hoc
2303 4561 2371 4616 de
2404 4576 2547 4619 anno
2580 4580 2629 4619 v.
2666 4579 2804 4633 quae

321 4654 617 4725 disputavit
650 4653 944 4708 Muellerus
978 4652 1166 4722 fragm.
1205 4655 1327 4710 hist.
1361 4656 1430 4723 11,
1469 4659 1548 4709 20.
1618 4654 1702 4711 De
1734 4657 1857 4725 ipsa
1890 4672 1950 4713 re
1984 4673 2031 4711 v.
2066 4672 2119 4726 p.
2155 4660 2238 4710 40.
