3400 5300
1295 294 1783 373 ‘—-—31—

325 477 554 560 affere,
610 496 774 561 quae
815 477 883 542 in
927 477 1092 544 cella
1135 478 1308 544 Iovis
1353 476 1697 561 Capitolini
1741 484 2017 562 ponant,
2077 477 2311 544 deinde
2356 498 2465 544 eos
2510 497 2550 542 a
2592 482 2815 542 senatu

324 595 576 672 petere,
637 595 707 654 ut
756 589 997 654 Romae
1053 586 1426 654 sacrificium
1482 587 1697 655 facere
1750 589 1976 668 liceat,
2036 587 2175 653 iure
2232 587 2527 654 concludi
2587 593 2815 671 potest,

324 697 453 763 iam
509 697 595 764 ad
653 716 764 763 eas
817 717 921 764 res
978 696 1397 782 perficiendas
1440 729 1526 744 -·
1566 720 1696 764 non
1750 716 2259 781 unumquemque
2302 698 2473 764 diem
2518 697 2818 786 caerimo-

325 806 453 874 niis
491 808 622 873 illis
665 815 886 890 aptum
929 807 1123 874 fuisse
1167 814 1344 890 patet
1386 843 1470 856 —-
1513 815 1766 892 tempus
1809 807 1984 874 haud
2026 807 2117 873 ita
2160 807 2356 874 breve
2387 807 2817 874 necessarium
2948 859 2957 868 .

322 917 537 984 fuisse.

495 1027 787 1110 Denique
842 1026 1301 1094 Rhodiensium
1357 1028 1715 1110 legationis,
1753 1027 1927 1094 illius
1983 1027 2069 1093 ad
2126 1046 2349 1111 pacem
2408 1026 2819 1093 reconcilian-

326 1137 476 1203 dam
519 1139 750 1203 missae
795 1136 1082 1203 condicio
1130 1137 1299 1218 quod
1342 1139 1426 1202 ab
1471 1139 1955 1229 omnibus-aliis
1997 1158 2253 1221 prorsus
2296 1138 2629 1218 abhorret,
2686 1157 2818 1202 non

301 1246 689 1313 'dubitamus
734 1266 874 1313 eam
921 1247 1264 1330 separatim
1307 1249 1663 1315 accuratius
1707 1254 2115 1332 pertractare.
2776 1327 2785 1336 .

495 1360 723 1423 Totam
780 1377 931 1422 vero
975 1357 1230 1441 Polybii
1245 1360 1288 1434 ¹)
1348 1358 1739 1440 legationum
1783 1357 2173 1424 Rhodiorum
2232 1358 2693 1441 expositionem
2754 1363 2819 1422 et

325 1467 674 1533 dilucidam
731 1486 871 1533 esse
927 1473 992 1531 et
1047 1465 1484 1550 dignissimam
1543 1469 1642 1533 cui
1700 1468 2023 1552 credatur,
2089 1475 2298 1553 patet3
2354 1467 2468 1533 sed
2524 1487 2676 1532 num
2737 1465 2817 1532 de

325 1580 509 1644 Livio
565 1579 656 1644 ita
713 1576 979 1642 iudicari
1036 1576 1270 1660 possit,
1326 1579 1742 1644 vehementer
1800 1579 2039 1645 dubito.
2128 1579 2266 1658 Quo
2310 1585 2522 1644 autem
2566 1576 2820 1643 facilius

323 1689 762 1772 intellegatur,
808 1687 1062 1752 Livium
1105 1687 1444 1770 Polybium
1489 1695 1553 1754 et
1595 1689 1929 1755 annalium
1972 1691 2311 1774 scriptores
2354 1690 2445 1754 ita
2488 1688 2699 1770 sequi,
2745 1691 2816 1751 ut

324 1821 452 1865 non
500 1799 762 1881 dubitet,
810 1817 951 1863 cum
995 1803 1189 1862 antea
1219 1796 1487 1882 Polybio
1524 1817 1675 1864 usus
1707 1797 1805 1880 sit,
1854 1801 2060 1866 subito
2091 1800 2174 1865 ad
2205 1799 2476 1866 annales
2505 1797 2817 1879 refugere,

323 1916 455 1976 tum
508 1908 762 1992 regredi
819 1906 905 1974 ad
960 1927 1259 1990 graecum
1303 1908 1574 1990 fontem,
1631 1916 1928 1976 accurate
1972 1912 2439 1991 examinemus,
2496 1926 2661 1991 quae
2704 1926 2816 1972 ex·

325 2019 537 2104 posuit
579 2020 646 2084 in
690 2018 837 2083 libri
867 2016 1102 2083 XLIV.
1146 2017 1355 2100 capite
1384 2018 1532 2084 XX.
1578 2038 1781 2100 usque
1824 2021 1910 2086 ad
1954 2028 2163 2104 caput.
2196 2019 2406 2086 XXV.
2454 2027 2517 2084 et
2560 2019 2625 2083 in
2672 2017 2816 2081 libri

325 2129 522 2196 XLV.
569 2127 778 2211 capite
819 2127 933 2191 III.
981 2126 1062 2191 de
1105 2126 1497 2192 Rhodiorum
1541 2128 1884 2211 legatione.
1952 2129 2157 2213 Caput
2200 2131 2385 2196 XIX.
2432 2136 2495 2195 et
2538 2128 2687 2194 XX.
2734 2146 2815 2193 ex

323 2238 593 2322 Polybio
641 2236 1084 2319 depromptum
1144 2255 1284 2302 esse
1341 2236 1456 2302 sed
1500 2238 1753 2302 Livium
1814 2240 1883 2304 in
1928 2241 2339 2322 sequentibus
2400 2239 2487 2304 ad
2545 2237 2816 2303 annales

322 2348 451 2412 iam
511 2353 703 2412 antea
760 2344 1086 2411 adhibitos
1144 2347 1515 2428 recurrisse,
1576 2367 1766 2430 quam
1810 2349 2311 2416 luculentissime
2355 2345 2817 2415 demonstravit

321 2457 727 2538 Nissenus²);
785 2454 899 2520 sed
951 2463 1022 2520 ut
1079 2461 1177 2521 est
1233 2455 1402 2520 Livii
1458 2477 1630 2538 mos,
1689 2459 1897 2524 subito
1954 2463 2029 2538 (c.
2086 2460 2295 2542 XXV,
2344 2465 2403 2538 5)
2464 2479 2498 2526 e
2542 2457 2813 2541 Polybio

321 2565 541 2632 adiicit
574 2564 836 2629 nomina
879 2565 1222 2646 legationis
1264 2565 1623 2651 principum
1669 2569 1949 2653 quidque
1991 2578 2201 2636 actum
2246 2571 2329 2637 sit
2372 2577 2517 2655 post
2557 2588 2814 2654 respon-

321 2694 460 2743 sum
504 2680 854 2759 acceptum.
918 2675 1099 2754 Quae
1142 2684 1478 2759 postquam
1521 2679 1807 2761 inseruit,
1852 2682 2222 2763 regrediens
2264 2682 2351 2747 ad
2380 2686 2640 2747 senatus
2670 2698 2813 2744 con-

322 2786 556 2850 sultum
619 2783 830 2869 addit,
895 2787 1146 2852 senatui
1212 2787 1560 2871 placuisse,
1630 2789 1899 2856 Rhodiis
1964 2792 2321 2874 praefectos
2386 2811 2423 2857 e
2485 2789 2686 2875 Lycia
2750 2794 2814 2854 et

323 2894 512 2961 Caria
555 2894 966 2961 deducendos
1011 2914 1171 2961 esse.
1237 2894 1555 2961 Claudium
1600 2906 1814 2965 autem
1858 2910 2179 2968 auctorem
2222 2901 2436 2985 fuisse,
2482 2902 2607 2967 iam
2640 2919 2811 2967 anno

324 3007 593 3081 585s169
661 3010 920 3070 senatus
977 3006 1329 3071 consultum
1388 3008 1623 3073 factum
1644 3058 1659 3089 ,
1729 3029 1851 3092 quo
1909 3010 2106 3077 Caras
2170 3018 2235 3077 et
2287 3013 2519 3097 Lycios
2576 3010 2811 3077 liberos

320 3134 464 3181 esse
519 3115 868 3212 iusserunt,
928 3134 965 3180 e
1008 3115 1190 3180 Livio
1239 3117 1490 3199 (XLIV,
1543 3123 1642 3195 14)
1700 3127 1989 3203 apparet.
2077 3120 2381 3205 Polybius
2420 3126 2635 3186 autem
2680 3140 2809 3185 non

321 3222 511 3289 modo
569 3223 823 3290 demum
880 3244 1050 3289 anno
1098 3228 1366 3303 587s167
1423 3227 1542 3293 hoc
1601 3227 1923 3295 decretum
1976 3231 2210 3296 factum
2270 3250 2411 3297 esse
2454 3230 2569 3296 sed
2615 3230 2809 3296 etiam

319 3340 612 3399 senatum
677 3334 896 3415 paullo
954 3335 1084 3399 alia
1143 3337 1574 3417 constituisse,
1634 3339 1793 3404 locis
1847 3340 2261 3406 annotatione
2333 3346 2360 3405 1
2424 3338 2641 3409 allatis
2706 3357 2812 3404 ex-

319 3445 549 3526 posuit.
651 3444 892 3505 Valerz‘z'
942 3451 1154 3511 autem
1201 3448 1629 3513 narrationem
1677 3449 1871 3515 totius
1915 3451 2082 3515 Livii
2127 3450 2544 3535 expositionis
2587 3448 2812 3514 funda-

319 3559 603 3619 mentum
651 3572 810 3636 esse,
855 3554 1002 3620 ideo
1047 3557 1392 3623 verisimile
1437 3558 1707 3639 videtur,
1754 3560 1923 3641 quod
1967 3562 2033 3626 in
2079 3561 2367 3628 oratione
2396 3582 2438 3626 a
2464 3560 2809 3643 legationis

319 3662 611 3746 principe
653 3662 875 3729 habita
920 3667 995 3740 (c.
1030 3665 1246 3747 XXII,
1281 3670 1344 3743 2)
1388 3668 1570 3750 Lycii
1615 3676 1679 3734 et
1724 3668 1919 3736 Cares
1962 3672 2029 3735 in
2059 3671 2449 3737 Rhodiorum
2493 3676 2811 3753 potestate

321 3791 465 3839 esse
521 3772 832 3839 dicuntur.
918 3774 1144 3856 Itaque
1199 3776 1266 3840 in
1311 3778 1649 3860 propatulo
1694 3798 1838 3847 esse
1880 3780 2166 3863 videtur,
2222 3782 2291 3845 in
2335 3781 2561 3863 capitis
2604 3780 2808 3845 XXV.

320 3882 724 3968 paragrapho
773 3883 1008 3975 ‘quinta
1066 3904 1264 3967 usque
1319 3886 1405 3951 ad
1461 3894 1705 3961 sextam
1752 3888 1919 3955 inter
1961 3910 2031 3956 se
2074 3892 2404 3955 annalium
2450 3897 2513 3955 et
2556 3889 2810 3973 Polybii

318 3992 716 4059 narrationes
759 3995 1175 4078 neglegenter
1217 3996 1564 4079 permixtas
1608 4017 1771 4065 esse.
1826 3999 1954 4065 Sed
1996 4000 2150 4067 inde
2194 4022 2234 4066 a
2262 4000 2665 4083 paragrapho
2698 4000 2805 4065 VI.

318 4102 539 4168 Livius
582 4102 667 4166 ad
711 4103 1048 4186 Polybium
1092 4104 1184 4169 ita
1225 4106 1518 4190 recurrit,
1572 4114 1644 4173 ut
1686 4109 1771 4174 ad
1816 4111 2079 4176 verbum
2124 4110 2255 4177 fere
2297 4116 2537 4192 vertat,
2591 4117 2807 4175 tamen

316 4211 386 4276 in
431 4231 507 4278 eo
553 4211 822 4291 differat,
868 4214 1038 4296 quod
1068 4223 1304 4298 narrat,
1350 4217 1637 4285 Rhodios
1665 4239 1963 4287 coronam
1994 4221 2140 4286 XX.
2174 4221 2440 4286 millium
2472 4238 2809 4286 aureorum

318 4321 643 4398 misisse⁴).
2165 4340 2176 4349 ·

461 4484 505 4545 1)
539 4480 656 4535 Pol.
691 4480 944 4547 XXVIII,
981 4486 1133 4537 214..
1167 4484 1366 4550 ΧΧΙΧ,
1405 4491 1454 4539 4.
1476 4492 1522 4539 7.
1557 4488 1731 4556 ΧΧΧ,
1769 4495 1817 4543 4.
1958 4494 2008 4557 2)
2043 4507 2089 4544 v.
2109 4489 2353 4545 Nisseni:
2392 4489 2802 4557 Quellenunter-

321 4572 633 4641 suchungen
666 4574 802 4628 liber
837 4574 920 4628 die
955 4578 1002 4627 4.
1041 4591 1094 4629 u.
1133 4582 1180 4631 5.
1215 4578 1442 4633 Dekade
1477 4579 1570 4635 des
1605 4581 1791 4636 Livius
1834 4599 1886 4651 p.
1924 4587 2005 4650 31,
2043 4587 2156 4637 274.
2298 4586 2347 4649 3)
2383 4583 2496 4637 Liv.
2533 4580 2701 4647 XLV,
2741 4583 2801 4636 14

324 4669 380 4719 et
411 4665 629 4721 Nisseni
665 4666 786 4723 adn.
927 4672 975 4733 4)
1011 4667 1128 4723 Hac
1164 4670 1229 4724 de
1263 4686 1323 4725 re
1357 4689 1404 4726 v.
1441 4689 1493 4741 p.
1532 4677 1594 4727 43
1632 4674 1756 4731 adn.
1793 4674 1844 4729 b.
