3400 5300
1650 289 2073 352 -58-

610 457 886 524 hostium
940 456 1142 540 legati
1199 491 1285 501 --
1343 461 1408 522 et
1463 456 1531 522 in
1587 461 1817 522 senatu
1872 462 1935 523 et
1990 476 2107 540 pro
2164 455 2456 522 contione
2513 455 2598 523 de
2652 456 2808 522 belli
2869 463 3108 524 eventu

612 567 990 649 rettulisset,
1048 565 1276 647 legatis
1333 571 1446 630 aut
1500 565 1568 631 in
1612 565 1933 648 Apollinis
1948 568 1990 642 ¹)
2034 572 2145 630 aut
2188 565 2256 630 in
2300 565 2668 641 Bellonae²J
2712 565 2879 633 aede
2920 559 3112 634 sena-

613 684 746 743 tum
791 676 1005 741 dabat.

781 895 1186 958 Introductus
1249 913 1392 961 esse
1449 877 1697 978 legatos
1754 913 1796 960 a
1850 894 2101 958 consule
2157 894 2538 962 testimoniis
2592 894 2939 964 afferendis
2994 895 3113 962 de·

613 1011 970 1073 monstrare
1010 1004 1122 1069 vix
1167 1024 1327 1087 opus
1371 1023 1514 1070 esse
1554 1003 1887 1081 videtur³).
1973 1005 2375 1068 Dictator-em
2432 1025 2615 1086 vero,
2674 1005 2730 1071 si
2790 1025 3107 1072 summum

614 1117 945 1202 imperium
999 1114 1295 1195 tenebat,
1354 1113 1602 1197 legatos
1655 1113 2121 1193 introduxisse,
2188 1114 2343 1181 item
2400 1135 2517 1200 per
2574 1134 2647 1183 se
2703 1121 2883 1199 patet
2936 1116 3107 1187 (Liv.

613 1227 842 1308 XXII,
891 1229 1014 1303 59).
1102 1223 1172 1288 Si
1213 1242 1364 1289 vero
1407 1224 1705 1290 consules
1759 1231 1870 1289 aut
1925 1223 2195 1290 aberant
2237 1232 2350 1290 aut
2390 1245 2544 1292 casu
2587 1225 2864 1308 quodam
2907 1225 3109 1308 impe-

615 1338 984 1419 diebantur,
1045 1334 1379 1419 quominus
1433 1334 1665 1416 legatis
1723 1340 2016 1399 senatum
2075 1332 2331 1418 darent,
2380 1345 2746 1419 praetorem
2788 1335 3106 1400 urbanum

617 1467 726 1514 eos
797 1444 1224 1511 introduxisse
1293 1443 1865 1510 innumerabilibus
1930 1445 2300 1528 exemplis⁴)
2372 1445 2709 1530 scriptores
2771 1451 3107 1511 testantur.

617 1557 911 1638 Denique
972 1553 1143 1638 quod
1203 1575 1330 1617 uno
1393 1554 1535 1619 loco
1595 1553 1757 1632 (Pol.
1799 1555 2023 1637 XXX,
2068 1557 2134 1633 4)
2190 1555 2507 1621 Antonius
2571 1554 2853 1618 tribunus
2905 1552 3109 1639 plebis

617 1665 842 1732 dicitur
895 1666 1144 1748 legatos
1188 1665 1474 1731 Rhodios
1530 1684 1590 1731 a.
1637 1663 1907 1744 587s167
1952 1664 2022 1729 in
2066 1671 2357 1731 senatum
2408 1665 2844 1732 introduxisse
2886 1671 3113 1730 contra

615 1776 784 1841 Livii
825 1775 1264 1841 auctoritatem
1279 1777 1324 1852 ις)
1380 1776 1448 1840 in
1491 1775 1859 1840 universum
1902 1776 2225 1841 narrantis
2267 1775 2350 1840 M.
2394 1775 2575 1840 Iunio
2618 1775 2908 1841 eiusdem
2952 1775 3109 1840 anni

615 1885 857 1951 consuli
903 1885 1260 1967 legationes
1289 1903 1455 1966 quae
1483 1885 1749 1949 Romam
1779 1884 2105 1951 venissent
2130 1885 2535 1951 introducere
2562 1885 2900 1968 placuisse,
2946 1886 3110 1952 haec

615 1997 810 2063 statui
853 2013 1042 2078 posse
1085 1994 1399 2060 videntur.
1487 1992 1795 2073 Quamvis
1849 1994 2020 2061 enim
2076 1994 2159 2061 de
2202 1994 2470 2061 Rhodiis
2512 1996 2774 2078 legatis,
2832 2015 2975 2062 cum
3018 1996 3106 2060 M.

617 2107 870 2172 Iunium
927 2106 1252 2172 consulem
1308 2104 1618 2171 adiissent
1675 2123 1886 2187 neque
1940 2111 2157 2170 tamen
2212 2111 2505 2171 senatum
2568 2106 3108 2189 impetravissent,

615 2217 991 2284 acerrimum
1037 2222 1208 2281 esset
1249 2221 1589 2296 certamen,
1635 2222 1853 2280 tamen
1883 2234 2091 2298 neque
2120 2214 2296 2299 apud
2324 2215 2663 2299 Polybium
2695 2234 2905 2298 neque
2933 2215 3111 2299 apud

615 2327 869 2392 Livium
913 2325 996 2392 de
1040 2326 1300 2392 consule
1353 2326 1590 2393 mentio
1648 2324 1719 2389 fit
1772 2324 1989 2408 itaque
2030 2326 2087 2392 is
2128 2325 2473 2410 impeditus
2514 2325 2796 2392 abfuisse
2835 2325 3112 2390 videtur.

618 2438 844 2519 Itaque
874 2431 978 2500 Μ’.
1009 2437 1338 2502 Iuventius
1367 2436 1623 2501 Thalna
1665 2440 1926 2519 praetor
1970 2445 2188 2499 contra
2232 2456 2405 2498 usum
2449 2443 2601 2502 ante
2644 2456 2773 2501 non
2818 2436 3109 2502 consulto

617 2553 876 2628 senatu,
943 2565 1073 2610 non
1140 2545 1505 2612 consulibus
1559 2545 1933 2610 certioribus
1989 2545 2173 2610 factis
2230 2545 2312 2613 de
2368 2566 2487 2612 sua
2548 2544 2737 2612 unius
2790 2545 3115 2612 sententia

617 2658 1013 2741 rogationem
1058 2657 1224 2721 ferre
1267 2656 1332 2720 in
1377 2656 1650 2721 comitiis
1691 2654 1995 2730 tributis-⁶)
2041 2656 2247 2739 potuit
2288 2656 2373 2722 de
2413 2656 2587 2745 bello
2630 2655 2898 2722 Rhodiis
2948 2656 3113 2721 indi-

619 2766 842 2834 cendo.
910 2762 1027 2830 Cui
1069 2765 1306 2831 actioni
1349 2782 1489 2831 cum
1533 2764 1771 2830 tribuni
1801 2766 2011 2848 plebis
2041 2785 2169 2831 non
2204 2766 2495 2831 dubitent
2537 2766 2931 2832 intercedere
2956 2773 3111 2832 ante

621 2883 873 2960 tempus
918 2886 1140 2938 contra
1181 2895 1376 2958 usum,
1423 2874 1733 2940 absonum
1764 2895 1893 2941 non
1925 2884 2040 2958 est,
2084 2876 2408 2942 tribunum
2438 2876 2665 2960 plebis,
2712 2876 2812 2942 cui
2841 2875 2941 2941 ius
2970 2881 3112 2941 erat

621 3004 763 3052 cum
807 2991 1036 3052 senatu
1077 2983 1333 3068 agendi,
1381 2995 1602 3048 contra
1642 2998 1819 3048 usum
1862 2984 2112 3069 legatos
2153 2986 2584 3053 introduxisse
2596 2989 2660 3062 ⁷).

790 3095 1188 3178 Magistratui
1232 3116 1384 3163 vero
1425 3097 1674 3179 legatos
1720 3096 2143 3163 introducenti
2185 3104 2481 3163 accurate
2524 3116 2665 3163 esse
2706 3094 3112 3162 animadver-

620 3206 916 3286 tendum,
961 3226 1116 3272 num
1161 3226 1381 3272 omnes
1424 3206 1652 3290 legati,
1702 3207 1810 3290 qui
1853 3226 1997 3273 eum
2041 3205 2346 3289 adierint,
2393 3207 2638 3289 adsint,
2682 3242 2767 3251 —
2810 3205 3008 3288 quod,
3055 3205 3112 3271 si

621 3316 762 3399 quis
804 3317 1159 3399 legatorum
1205 3336 1332 3381 non
1375 3315 1629 3397 aderat,
1687 3317 1829 3400 ipso
1872 3318 2009 3382 iure
2054 3316 2136 3383 de
2178 3316 2503 3399 legatione
2544 3336 2751 3382 sermo
2796 3336 2937 3384 esse
2979 3337 3110 3381 non

701 3585 706 3589 .
763 3537 808 3599 1)
843 3533 960 3588 Liv.
994 3532 1247 3599 XXXIV,
1278 3538 1356 3588 13.
1493 3534 1544 3598 2)
1580 3532 1694 3588 Liv.
1730 3532 1902 3597 XXX,
1940 3538 2023 3600 21,
2060 3539 2141 3588 40.
2195 3533 2450 3602 XXXIII,
2487 3538 2568 3588 24.
2620 3532 2790 3600 XLII,
2828 3539 2909 3587 36.
2962 3534 3111 3589 Fest.

621 3644 676 3698 p.
715 3632 811 3682 347
849 3626 928 3681 Μ.
997 3626 1162 3696 Apud
1205 3624 1418 3679 Livium
1463 3640 1675 3695 semper
1722 3625 1919 3680 dicitur
1965 3631 2184 3682 senatus
2218 3628 2338 3682 dari
2372 3628 2449 3683 ad
2479 3626 2664 3682 aedem
2698 3626 2969 3681 Bellonae.

624 3726 674 3788 3)
710 3720 892 3776 Unum
926 3718 1137 3790 Polybii
1182 3717 1548 3773 testimonium
1594 3718 1817 3774 afferam
1852 3720 1957 3775 hoc
1986 3718 2001 3737 ‘
2022 3718 2097 3777 εἷς
2130 3738 2186 3772 τε
2224 3720 2323 3785 τὴν
2360 3719 2656 3789 σύγκλητον
2692 3706 2844 3771 οὗτοι
2880 3720 2938 3785 (i.
2974 3736 3018 3773 e.
3056 3716 3113 3771 οἱ

621 3810 841 3879 ὕπατοι)
878 3812 976 3871 τὰς
1009 3812 1300 3885 πρεσβείας
1334 3808 1584 3880 ἄγουσιν.
1652 3828 1705 3865 v.
1741 3812 1959 3883 Paulyi:
1997 3812 2254 3867 Realenc.
2291 3813 2357 3879 V,
2396 3816 2510 3868 852.
2574 3812 2919 3867 MommsenI:
2955 3812 3113 3867 R6m.

624 3907 851 3963 Staatsr.
885 3908 955 3974 11,
995 3912 1041 3972 1,
1082 3909 1196 3960 114.
1333 3909 1388 3971 4)
1433 3904 1547 3960 ΡοΙ.
1583 3904 1785 3970 XXIV,
1826 3910 1871 3959 1.
1940 3904 2194 3972 XXXIII,
2236 3910 2279 3959 1.
2348 3906 2571 3971 XXXV,
2609 3910 2657 3959 2.
2725 3905 2841 3960 Liv.
2878 3905 3027 3971 VIII,
3066 3910 3112 3959 1.

625 4000 694 4066 X,
731 4005 812 4055 45.
857 3998 1082 4066 XXVH,
1120 4002 1201 4052 5ο.
1249 3996 1531 4058 XXX.17.
1569 4002 1652 4052 22.
1695 3998 1962 4063 XXXIV,
1984 4005 2065 4053 57.
2113 3997 2391 4064 XXXVII,
2426 4004 2508 4053 53.
2556 3997 2673 4064 XL,
2708 4003 2757 4055 4.
2794 4003 2877 4053 34.
2913 3997 3113 4065 XLm,

625 4099 671 4147 7.
710 4097 758 4147 8.
811 4092 1004 4157 XLIV,
1047 4097 1125 4147 16.
1196 4092 1364 4160 XLV,
1403 4097 1482 4146 13.
1519 4097 1603 4147 44.
1668 4092 1813 4162 App.
1848 4092 2088 4147 Mithrid.
2128 4097 2176 4145 6.
2245 4091 2352 4147 Ios.
2388 4090 2456 4145 A.
2493 4092 2536 4146 I.
2570 4090 2726 4158 XIII,
2766 4096 2812 4158 9,
2851 4095 2899 4146 2.
2965 4090 3112 4155 XIV,

626 4190 672 4241 8.
694 4193 744 4242 5.
782 4186 968 4241 Sctum
1003 4185 1070 4240 de
1095 4186 1380 4241 Thisbaeis
1416 4185 1508 4240 lin.
1544 4184 1641 4239 III.
1677 4184 1773 4239 IX.
1809 4203 1858 4240 v.
1878 4186 2131 4241 Beckeri:
2167 4184 2383 4240 Handb.
2420 4184 2491 4251 II,
2527 4187 2847 4249 2‚187.403.
2884 4184 3113 4239 Momm-

624 4278 766 4334 seni:
804 4277 958 4332 Rom.
995 4278 1221 4333 Staatsr.
1254 4279 1324 4346 Π,
1362 4285 1408 4344 1,
1444 4282 1558 4333 212.
1733 4282 1785 4344 5)
1820 4278 1932 4332 Liv.
1971 4278 2136 4343 XLV,
2179 4282 2255 4331 17.
2291 4295 2338 4332 v.
2374 4277 2491 4331 Liv.
2524 4276 2692 4343 XLV,
2730 4282 2811 4333 20.
2976 4282 3028 4343 6)
3065 4295 3114 4333 v.

622 4371 840 4441 Langii:
887 4370 952 4424 R.
989 4369 1062 4425 A.
1099 4370 1194 4434 11²,
1241 4375 1357 4426 559.
1425 4371 1775 4427 Mommseni:
1822 4371 1975 4426 Rom.
2012 4371 2243 4427 Forsch.
2277 4371 2323 4438 Ι,
2365 4376 2477 4426 163.
2652 4376 2703 4437 7)
2738 4372 3040 4429 Weiskium
3084 4386 3117 4427 e

624 4463 740 4518 Liv.
777 4462 1030 4517 XXXIX.
1072 4468 1135 4519 33
1173 4464 1607 4530 concludentem,
1641 4469 1921 4521 senatores
1957 4479 2170 4533 quoque
2202 4464 2408 4533 legatos
2441 4463 2821 4531 introduxisse,
2855 4466 2974 4521 ideo
3010 4481 3117 4522 nos

626 4557 778 4624 sequi
824 4573 934 4612 non
977 4572 1291 4627 possumus,
1335 4558 1479 4628 quod
1523 4559 1614 4613 ille
1646 4558 1799 4615 locus
1836 4564 2125 4627 corruptus
2160 4562 2258 4613 est.
2314 4565 2381 4623 (v.
2416 4558 2846 4617 Weissenbornii
2878 4559 3002 4615 adn.
3044 4558 3120 4613 ad

623 4648 659 4702 l.
693 4665 737 4703 s.
773 4656 854 4717 s.).
