3400 5300
1313 295 1735 360 ...(33.-

277 467 560 540 vietoriis
613 465 1084 551 gratulantibus
1141 461 1224 532 de
1281 461 1515 547 scripto
1573 483 1705 528 non
1760 461 2047 528 recitare.
2134 459 2265 526 Sed
2314 478 2455 525 cum
2502 462 2769 540 constet,

278 578 511 664 legatis
563 577 866 660 scriptum
919 579 1180 642 senatus
1235 574 1595 640 consultum
1649 591 1782 638 non
1838 589 2091 655 semper
2145 588 2287 636 esse
2344 569 2596 650 datum,
2654 566 2771 633 sed

281 708 478 772 saepe
521 687 678 754 satis
717 686 911 752 fuisse
968 684 1375 768 magistratus
1429 701 1805 766 responsum
1859 682 1927 746 in
1984 680 2159 747 curia
2212 679 2562 760 redditum,
2620 675 2773 743 inde

279 798 365 864 ad
409 799 576 864 hane
621 796 1056 880 quaestionem
1099 813 1232 859 non
1273 793 1412 862 sine
1454 790 2011 860 verisimilitudine
2058 789 2371 857 coniicere
2415 805 2772 872 possumus,

281 908 721 992 magistratum
767 906 850 972 de
891 905 1126 988 scripto
1170 909 1431 971 senatus
1476 903 1737 970 decreta
1778 901 2114 985 recitasse,
2173 901 2227 968 si
2278 907 2503 984 postea
2544 901 2774 982 legati-s
2830 963 2839 970 .

285 1018 557 1085 dabatur
598 1018 902 1101 scriptum
945 1021 1204 1080 senatus
1247 1014 1636 1095 consultum,
1689 1014 1749 1078 si
1790 1032 1921 1078 non
1964 1011 2255 1094 dabatur,
2301 1031 2458 1076 voce
2501 1016 2779 1076 tantum-

281 1129 472 1194 modo
518 1125 948 1210 respondisse.
1036 1123 1346 1190 Omnibus
1388 1123 1524 1190 fere
1571 1129 1787 1188 autem
1841 1122 2224 1188 testimoniis
2280 1128 2345 1188 et
2398 1122 2775 1204 scriptorum

283 1247 352 1304 et
389 1237 869 1321 inscriptionum
913 1235 1248 1318 perpensis
1275 1253 1393 1299 nos
1424 1252 1502 1300 ea
1531 1232 2007 1299 enucleavimus
2040 1232 2119 1300 de
2162 1238 2423 1299 senatus
2468 1230 2774 1297 consultis

284 1346 454 1414 datis
497 1347 748 1431 scriptis
791 1353 902 1412 aut
944 1364 1072 1410 non
1117 1344 1388 1427 seriptis,
1433 1363 1598 1427 quae
1642 1362 1812 1408 nunc
1856 1361 2267 1426 exponemus.

790 1555 856 1610 A.
909 1553 1188 1623 Legatis
1237 1558 1449 1608 sctum
1495 1553 1829 1622 scriptum
1874 1568 2008 1606 non
2054 1554 2271 1608 datur.

453 1698 512 1742 a.
585 1675 740 1744 Cum
798 1677 1038 1742 bellum
1103 1673 1425 1757 quoddam
1479 1694 1786 1758 magnum
1841 1695 1884 1740 a
1938 1673 2244 1740 Romanis
2308 1672 2577 1740 feliciter
2632 1692 2777 1738 con-

283 1788 518 1856 fectum
563 1793 749 1867 esset,
794 1785 1076 1869 undique
1121 1785 1359 1868 leyatos
1398 1786 1790 1868 gratulantes
1833 1783 1915 1850 de
1958 1803 2265 1868 prospero
2306 1784 2480 1851 exitu
2508 1784 2777 1848 Romam

284 1898 565 1979 venisse,
609 1895 985 1980 scriptorum
1027 1895 1393 1962 testimonia
1435 1895 1601 1962 inter
1643 1915 1715 1962 se
1758 1894 2199 1961 consentiumt.
2274 1895 2362 1961 Iis
2406 1913 2558 1960 vero
2600 1893 2778 1976 lega-

286 2007 586 2087 tionibus,
633 2005 862 2088 quibus
905 2011 1164 2088 propter
1207 2006 1347 2072 sola
1393 2004 1600 2071 officia
1642 2005 2169 2072 convenientibus
2214 2005 2507 2071 omnibus
2552 2003 2779 2070 eadem

282 2117 419 2184 fere
461 2113 890 2199 respondebat
931 2115 1340 2196 magistratus
1379 2109 1624 2198 ‘patres
1666 2115 1853 2181 laetis
1890 2115 2121 2182 animis
2150 2117 2357 2181 socios
2384 2115 2781 2198 gratulantes

284 2224 609 2292 audivisse
663 2226 879 2306 itaque
923 2223 1193 2289 donaria
1247 2224 1450 2289 allata
1490 2225 1767 2291 libenter
1808 2226 2099 2309 accipere
2141 2225 2349 2307 iisque
2392 2224 2779 2308 permittere,

281 2343 354 2401 ut
397 2337 639 2400 Romae
683 2326 1134 2399 sacrificarent'
1157 2335 1230 2413 ¹),
1288 2335 1588 2418 seriptum
1631 2342 1893 2403 senatus
1936 2336 2292 2400 consultum
2337 2333 2476 2399 dari
2493 2385 2508 2416 ,
2564 2320 2781 2399 nonne

283 2441 840 2512 verisimilitudine
881 2462 1140 2526 prorsus
1185 2442 1404 2508 caret‘?
1451 2443 1608 2510 Cum
1652 2452 1866 2510 autem
1910 2444 2193 2528 accedat,
2240 2443 2409 2527 quod
2454 2463 2537 2510 ne
2578 2444 2778 2509 ullum

202 2616 206 2620 .
285 2553 544 2637 quidem
586 2553 926 2636 vestigium
969 2553 1118 2618 talis
1161 2559 1422 2620 senatus
1466 2555 1738 2620 consulti
1784 2561 1993 2637 extat,
2047 2555 2279 2638 legatis
2343 2554 2780 2619 tantummodo

281 2666 656 2749 gratulandi
697 2684 926 2731 caussa
960 2666 1226 2730 Romam
1270 2665 1674 2733 venientibus
1717 2666 2155 2751 magistratum
2198 2687 2329 2732 non
2372 2664 2784 2749 respondisse

286 2776 413 2842 nisi
458 2795 636 2857 voce,
682 2775 839 2840 mihi
882 2794 1255 2859 persuasum
1301 2782 1417 2841 est.
2299 2840 2303 2843 ,

458 2886 520 2951 b.
565 2885 831 2969 Leqatis
874 2905 1024 2947 vero
1066 2886 1252 2947 sociis
1297 2883 1706 2968 afferentibus
1739 2888 2044 2964 nuntios²)
2088 2885 2174 2952 ad
2204 2888 2633 2951 Romanorum
2677 2904 2783 2952 res

283 3000 657 3078 spectantes
699 2999 990 3059 senatum
1033 2994 1274 3076 gratias
1319 2995 1526 3077 egisse
1569 2995 1686 3061 sed
1733 2997 2036 3079 scriptum
2079 3003 2284 3062 sctum
2331 3015 2461 3061 non
2507 2995 2781 3076 dedisse,

282 3123 405 3188 per
446 3123 516 3171 se
556 3110 752 3188 patet.
1923 3086 1939 3095 ’

458 3234 511 3280 c.
570 3214 730 3278 Item
789 3214 1090 3297 seriptum
1135 3218 1338 3279 sctum
1383 3214 1524 3280 dari
1565 3235 1696 3280 non
1739 3222 2008 3299 poterat,
2054 3216 2108 3282 si
2153 3222 2369 3299 patres
2413 3215 2782 3295 censebant,

282 3323 541 3407 legatos
571 3343 713 3389 esse
739 3323 1120 3389 reiiciendos
1158 3324 1244 3389 ad
1285 3323 1464 3390 aliud
1506 3331 1759 3408 tempus
1800 3332 1911 3391 aut
1954 3324 2041 3391 ad
2082 3325 2280 3390 alium
2322 3324 2783 3407 magistratum.

284 3434 514 3516 Itaque
565 3434 866 3517 scriptum
907 3442 1102 3496 sctum
1145 3453 1269 3496 non
1311 3433 1612 3497 dabatur:

471 3546 525 3608 1.
591 3543 652 3605 si
685 3542 974 3627 patribus
1007 3543 1326 3627 placebat,
1389 3544 1628 3627 legatos
1688 3546 1773 3608 ad
1824 3566 2014 3609 novos
2027 3546 2076 3629 ³)
2136 3544 2414 3608 consules
2458 3565 2591 3607 esse
2632 3545 2784 3607 reii-

592 3652 840 3714 ciendos
885 3662 990 3714 aut
1048 3653 1127 3714 iis
1173 3652 1347 3714 aliud
1358 3650 1406 3737 4)
1465 3654 1775 3737 quoddam
1822 3666 2058 3740 tempus
2101 3640 2235 3717 esse
2278 3654 2783 3737 exspectandum.

463 3765 523 3826 2.
587 3764 647 3823 si
691 3772 940 3825 senatus
995 3761 1307 3835 censebat,
1366 3765 1763 3845 mamis-tracus
1820 3763 2148 3827 nonnullos
2199 3765 2509 3827 senatorii
2548 3763 2788 3826 ordinis

593 3871 929 3954 deleyaret,
977 3872 1089 3957 qui
1125 3873 1436 3934 sociorum
1477 3894 1581 3935 res
1624 3874 2002 3958 inspicerent
2044 3884 2108 3937 et
2148 3872 2615 3957 corriqerenffi).

437 4100 484 4163 1)
518 4095 585 4151 V.
623 4096 866 4165 exempla
900 4112 1066 4167 supra
1099 4113 1153 4167 p.
1193 4102 1256 4153 38
1292 4114 1406 4167 sqq.
1441 4097 1626 4153 allata.
1766 4097 1817 4159 2)
1851 4094 1964 4148 Liv.
1999 4097 2201 4167 XXXI,
2238 4104 2287 4153 2.
2325 4106 2373 4154 5.
2408 4097 2684 4165 XXXVII,
2704 4102 2785 4151 51.

286 4188 410 4256 XL,
451 4192 531 4243 18.
584 4188 731 4255 XLI,
768 4193 814 4243 8.
967 4194 1018 4257 3)
1053 4190 1170 4245 Liv.
1206 4188 1350 4258 XLI,
1388 4196 1434 4245 6.
1489 4190 1658 4259 XLII,
1697 4194 1780 4245 26.
1928 4194 1979 4257 4)
2014 4191 2129 4247 Liv.
2167 4192 2367 4259 XXXI,
2406 4197 2453 4245 5.
2508 4190 2786 4257 XXXVII,

289 4287 380 4336 31.
429 4280 630 4347 XLIII,
667 4286 712 4335 5.
888 4286 940 4348 5)
988 4282 1174 4338 Sctum
1210 4283 1277 4338 de
1312 4283 1596 4340 Thisbaeis
1628 4285 1665 4338 l.
1706 4288 1919 4339 11—13.
1988 4284 2255 4352 Equidem
2287 4286 2450 4355 plane
2483 4284 2626 4339 facio
2665 4298 2788 4337 cum

287 4375 570 4431 Fouearto
622 4372 885 4441 (archives
932 4374 1042 4434 des,
1074 4376 1221 4432 miss.
1261 4376 1491 4433 scientis.
1528 4378 1653 4433 Par.
1696 4380 1825 4431 1872
1870 4392 1924 4445 p.
1962 4382 2080 4442 346)
2127 4378 2422 4434 disserente
2468 4378 2547 4433 sic
2599 4376 2669 4440 „il
2704 4381 2787 4430 est

288 4468 438 4525 donc
475 4500 534 4507 —
573 4482 700 4521 nam
732 4468 969 4535 undique
1002 4470 1315 4525 convenisse
1348 4470 1553 4539 legatos
1589 4485 1638 4524 a.
1679 4470 1901 4539 584l170
1936 4485 1971 4527 a
2006 4476 2200 4527 senatu
2233 4478 2505 4542 petentes,
2548 4474 2609 4524 ut
2656 4483 2783 4524 suas

286 4576 382 4617 res
407 4560 698 4626 ordinaret,
732 4559 846 4614 Liv.
865 4560 1062 4628 XLIII,
1083 4567 1115 4615 4
1152 4562 1309 4619 docet
1341 4594 1409 4602 —
1443 4563 1722 4632 probable,
1758 4580 1879 4633 que,
1916 4580 2119 4620 comme
2154 4566 2289 4620 dans
2325 4580 2425 4619 nos
2459 4562 2785 4619 assemblees

287 4654 602 4719 modernos,
635 4667 706 4707 on
739 4651 883 4706 avait
916 4653 1211 4710 l’habitude
1234 4654 1300 4709 de
1327 4656 1526 4711 confier
1554 4672 1616 4713 ce
1638 4656 1832 4714 travail
1849 4656 2218 4728 preparatoire
2244 4660 2278 4714 a
2303 4673 2410 4715 une
2445 4658 2799 4714 commissiow
