3400 5300
1593 279 2085 366 ·-64—

805 451 863 512 3.
927 450 988 510 si
1025 456 1276 510 senatus
1306 446 1542 528 leqatos
1573 445 1658 509 ad
1684 445 1967 509 consules
1996 455 2110 510 aut
2142 446 2301 510 alios
2344 447 2745 528 maqartratus
2786 445 3135 520 reiiciebat,

931 558 1043 641 qui
1079 557 1156 618 iis
1198 577 1234 618 e
1271 565 1404 619 soto
1448 553 1907 638 satisfiwerent.

804 669 941 735 Hoc
983 665 1357 752 saepissime
1399 664 1498 747 fit,
1551 667 1606 732 si
1647 665 1960 732 sociorum
2004 665 2203 749 legati
2246 667 2486 733 Romae
2528 687 2569 732 a
2612 674 2840 734 senatu
2883 674 3137 753 petunt,

634 788 703 846 ut
747 779 1112 845 colonorum
1153 795 1453 842 numerus
1497 776 1620 842 sibi
1663 782 1992 858 augeatur.
2060 775 2197 842 Hac
2225 795 2378 842 vero
2408 777 2745 844 occasione
2793 778 2945 845 data
2985 799 3135 845 cum

585 949 592 958 .
633 889 801 956 facto
865 893 1125 956 senatus
1191 887 1482 953 consulto
1551 892 1616 952 et
1680 886 2014 969 plebiscito
2081 888 2457 970 plerumque
2520 888 2773 954 tresviri
2837 890 3137 956 coloniae

636 996 1050 1066 deducendae
1073 1003 1455 1078 crearentur,
1479 997 1587 1078 qui
1617 1001 1857 1062 certum
1888 995 2271 1062 familiarum
2298 1017 2633 1064 numerum
2658 997 3049 1066 deducerent
3064 1003 3133 1082 ¹),

635 1116 767 1177 scto
811 1109 1048 1191 scripto
1091 1127 1250 1191 opus
1295 1125 1424 1172 non
1468 1112 1624 1186 erat,
1671 1107 1842 1189 quod
1889 1105 2147 1172 daretur
2188 1107 2396 1174 sociis.

805 1220 968 1286 Item
1013 1204 1422 1281 iudicandum
1466 1235 1608 1283 esse
1637 1214 1889 1281 videtur
1918 1216 2001 1282 de
2045 1217 2525 1298 quaestionibus
2568 1221 2810 1286 Romae
2853 1239 2891 1286 e
2934 1221 3137 1286 socio·

633 1350 774 1396 rum
805 1328 1106 1412 querellis
1136 1325 1510 1394 constitutis.
1587 1327 1688 1391 Ita
1734 1325 1813 1391 de
1857 1326 2089 1409 legatis
2119 1327 2334 1393 Latini
2376 1329 2650 1395 nominis
2694 1330 3129 1413 querentibus,

635 1459 938 1524 magnum
969 1451 1297 1502 numerum
1329 1435 1560 1501 civium
1591 1457 1847 1503 suorum
1878 1438 2146 1502 Romam
2176 1439 2627 1522 commigrasse
2654 1439 2873 1522 ibique
2900 1460 3129 1507 censos

636 1570 808 1631 esse,
868 1549 1149 1633 praetori
1206 1547 1530 1628 negotium
1591 1546 1811 1624 datum
1870 1553 1996 1628 est,
2068 1555 2138 1613 ut
2194 1566 2413 1614 omnes
2470 1549 2870 1632 conquireret
2928 1569 3133 1632 eoque

635 1660 846 1726 redire
887 1664 1162 1742 cogeret,
1205 1657 1316 1723 ubi
1360 1662 1556 1722 antea
1597 1658 1771 1722 censi
1816 1665 2029 1726 essent
2073 1657 2235 1732 (Liv.
2281 1658 2591 1736 XXXIX,
2640 1662 2723 1737 3).

805 1769 1102 1851 Denique
1157 1769 1211 1834 si
1269 1768 1500 1850 legatis
1556 1768 1879 1832 Romanos
1935 1770 2345 1850 magistratus
2398 1769 2844 1836 accusantibus
2886 1771 3132 1837 Romae

635 1879 1075 1960 satisfiebat2),
1135 1885 1396 1943 senatus
1440 1877 1827 1958 consultum,
1876 1877 2046 1959 quod
2088 1877 2319 1960 legatis
2365 1877 2620 1944 domum
2663 1880 3133 1946 revertentibus

639 1991 913 2071 daretur,
960 2005 1502 2072 supervacaneum
1547 1985 1762 2067 fuisse,
1808 2006 1925 2070 per
1966 2007 2036 2053 se
2081 1994 2278 2072 patet.

805 2105 865 2166 4.
933 2100 994 2162 si
1043 2107 1292 2160 senatus
1347 2095 1433 2158 ad
1485 2098 1944 2160 controversias
1985 2099 2299 2162 sociorum
2342 2098 2723 2162 dirv'mendas
2766 2099 2852 2162 ad
2890 2120 2997 2163 eos
3042 2101 3131 2163 le-

930 2218 1111 2292 gatos
1123 2209 1167 2283 ³)
1213 2206 1542 2270 mittendos
1585 2228 1719 2270 esse
1762 2207 2047 2271 censebat

809 2325 866 2385 5.
927 2322 987 2382 si
1023 2330 1273 2382 senatus
1317 2317 1402 2380 ad
1433 2318 1738 2406 populum
1783 2316 2023 2400 leyatos
2065 2319 2437 2410 reiiciendos
2479 2339 2612 2381 esse
2654 2317 2957 2384 censebat.

807 2431 910 2496 Ita
939 2429 1271 2495 Gallorum
1317 2428 1515 2510 legati
1557 2447 1616 2492 a.
1665 2430 1933 2504 367s387
1982 2433 2297 2512 petentes,
2343 2435 2413 2493 ut
2457 2448 2538 2494 ex
2581 2429 2717 2495 iure
2759 2429 3045 2512 gentium
3088 2450 3133 2496 a

637 2546 862 2608 senatu
919 2539 1104 2606 Fabii
1160 2539 1258 2603 illi
1314 2544 1444 2602 tres
1490 2536 1891 2618 dederentur,
1950 2558 1990 2603 a
2034 2545 2291 2618 senatu,
2351 2557 2434 2603 ne
2478 2557 2677 2622 penes
2721 2539 2897 2622 ipsos
2939 2541 3134 2625 culpa

639 2657 808 2719 esset
852 2651 1056 2717 cladis
1098 2649 1260 2715 forte
1305 2647 1555 2714 Gallico
1598 2646 1773 2715 bello
1831 2656 2168 2749 acceptae,
2226 2648 2313 2714 ad
2365 2649 2670 2733 populum
2716 2648 2936 2716 reiecti
2980 2658 3133 2717 sunt

525 2834 532 2839 ,
639 2762 801 2839 (Liv.
834 2761 911 2838 V,
959 2763 1084 2836 36).
1114 2793 1199 2804 -
1230 2758 1553 2825 Caeritum
1598 2765 1811 2825 autem
1856 2760 2053 2843 legati
2096 2779 2154 2824 a.
2200 2763 2472 2835 404l350
2516 2779 2558 2824 a
2600 2767 2830 2826 senatu
2870 2760 3134 2827 veniam

637 2876 930 2954 petentes
988 2868 1074 2934 ad
1126 2871 1436 2954 populum
1480 2869 1696 2935 reiecti
1742 2876 1920 2952 sunt,
1980 2868 2151 2952 quod
2195 2875 2456 2935 senatus
2499 2870 2721 2952 populi
2764 2871 3003 2937 iussum
3050 2870 3136 2938 de

636 2981 718 3046 iis
782 2986 976 3045 antea
1037 2979 1273 3044 factum
1337 2979 1582 3043 irritum
1646 2978 1859 3046 faeere
1923 3000 2052 3045 non
2116 2978 2323 3062 potuit
2338 2981 2404 3055 ⁴).
2493 2980 2593 3045 De
2656 2979 2913 3047 foedere
2975 2999 3133 3047 vero

639 3089 1006 3157 renovando
1051 3110 1192 3156 cum
1237 3110 1295 3155 a.
1343 3092 1613 3166 439s315
1659 3089 2036 3155 Samnitium
2081 3088 2303 3173 populi
2346 3089 2595 3173 legatos
2638 3089 2980 3172 misissent,
3036 3111 3135 3159 se·

639 3208 826 3267 natus
885 3201 1024 3267 sine
1077 3198 1301 3284 populi
1356 3200 1530 3265 iussu
1587 3199 1815 3265 foedus
1874 3219 2183 3265 renovare
2240 3219 2371 3264 non
2424 3219 2616 3265 ausus
2675 3198 2762 3265 ad
2825 3201 3139 3283 populum

637 3312 886 3395 legatos
929 3310 1148 3377 reiecit
1181 3310 1342 3389 (Liv.
1372 3310 1489 3391 IX,
1523 3313 1649 3386 20).
1680 3346 1761 3357 —-
1797 3308 2086 3391 Denique
2128 3328 2245 3392 per
2287 3327 2359 3375 se
2400 3309 2792 3392 intelligitur,
2836 3317 3137 3376 senatum

641 3420 724 3485 de
765 3419 1011 3486 civibus
1053 3420 1358 3485 Romanis
1416 3420 1758 3485 decernere
1812 3440 1942 3484 non
1986 3438 2206 3501 posse,
2266 3419 2480 3501 itaque
2524 3418 2720 3502 legati
2766 3419 3033 3503 civium,
3080 3421 3136 3487 si

643 3530 724 3595 de
767 3528 846 3594 iis
890 3527 1300 3594 iudicandum
1347 3534 1466 3605 est,
1511 3528 1593 3593 ad
1639 3530 1943 3610 populum
1989 3528 2432 3606 1·eiiciuntur⁵).

642 3721 696 3769 et
742 3713 808 3769 de
851 3718 1002 3768 voter
1023 3778 1026 3781 ⁴
1045 3728 1139 3766 sur
1184 3711 1262 3767 les
1311 3712 1652 3767 conclusions
1699 3713 1893 3781 qu'elle
1938 3712 2282 3782 presentait“.
2357 3712 2499 3765 Nam
2544 3712 2591 3767 si
2638 3728 2761 3767 cum
2794 3713 3133 3769 Mommseno

643 3806 1040 3870 contendimus,
1086 3806 1207 3860 illos
1255 3809 1530 3860 senatores
1579 3820 1613 3859 a
1657 3812 1907 3874 praetore
1951 3806 2255 3860 nominatos
2292 3804 2523 3860 Thisbas
2569 3820 2687 3861 esse
2720 3806 2916 3861 missos
2950 3807 3139 3875 itaque

641 3900 695 3953 in
743 3899 850 3955 scti
895 3898 1134 3954 secunda
1177 3904 1334 3967 parte
1381 3898 1448 3953 iis
1485 3913 1518 3951 a
1554 3904 1748 3953 senatu
1793 3913 1910 3953 esse
1944 3898 2306 3967 praescripta,
2356 3914 2493 3977 quae
2528 3899 2586 3953 in
2619 3899 2783 3953 rebus
2817 3899 3135 3954 ordinandis

648 4006 739 4047 eos
775 3992 928 4060 sequi
963 3996 1255 4060 oporteret,
1301 3992 1460 4059 plane
1496 4008 1605 4046 non
1641 3990 1970 4059 intelligitur,
2018 4007 2114 4045 cur
2150 3996 2371 4045 senatus
2406 3980 2519 4045 tam
2553 3998 2807 4046 accurate
2840 3996 2898 4046 et
2934 3989 3139 4047 dIserte

643 4086 844 4143 omnia.
890 4101 1024 4153 quae
1062 4085 1171 4140 sint
1203 4084 1560 4151 instituenda,
1607 4084 1870 4153 significet
1904 4089 2093 4140 contra
2126 4100 2284 4139 usum
2320 4083 2631 4139 sollemnem
2664 4101 2927 4139 summam
2962 4085 3139 4140 solam

643 4179 776 4241 (Liv.
823 4178 1106 4244 XXXVII,
1156 4182 1240 4242 55)
1290 4177 1606 4246 exponendi.
1683 4177 1824 4242 Quid
1874 4179 2012 4232 enim
2058 4178 2282 4247 cogitari
2323 4180 2529 4245 potest,
2579 4176 2721 4246 quod
2759 4177 2993 4247 quinque
3028 4177 3137 4231 illis

641 4271 768 4327 viris
803 4273 876 4327 sit
911 4271 1279 4336 ordinandum,
1314 4275 1601 4339 postquam
1637 4277 1857 4325 senatus
1892 4272 1970 4325 ita
2005 4271 2273 4326 decrevit?

781 4371 829 4432 1)
876 4365 992 4420 Liv.
1027 4364 1289 4431 XXVIII,
1331 4368 1408 4419 12.
1475 4363 1739 4431 XXXIII,
1776 4368 1857 4418 24.
1925 4362 2212 4431 XXXVII,
2248 4369 2331 4419 46.
2401 4361 2607 4428 XLIII,
2653 4368 2725 4417 17.
2912 4367 2964 4430 2)
3014 4364 3135 4419 Liv.

642 4458 841 4525 XLIII,
876 4463 926 4517 2.
962 4465 1009 4514 7.
1160 4462 1211 4526 3)
1255 4459 1372 4515 Liv.
1405 4458 1656 4519 XXXIV,
1693 4461 1774 4511 62.
1824 4456 2077 4523 XXXIX,
2116 4461 2197 4510 24.
2252 4457 2368 4513 Pol.
2403 4456 2604 4523 XXIV,
2638 4461 2686 4510 4.
2742 4456 2858 4511 Liv.
2895 4456 3013 4524 XL,
3053 4462 3136 4512 20.

642 4550 756 4605 Pol.
794 4551 992 4619 XXVI,
1024 4558 1070 4606 7.
1111 4556 1191 4606 18.
1377 4558 1427 4615 4)
1475 4552 1592 4606 Liv.
1620 4551 1739 4618 VH,
1772 4554 1853 4604 20.
1906 4567 1953 4603 v.
1990 4548 2373 4619 Marquardtii:
2422 4550 2637 4607 Handb.
2671 4550 2742 4615 ΙΙ,
2781 4556 2829 4619 3,
2872 4556 2984 4605 172.

645 4648 697 4709 5)
731 4642 847 4698 Liv.
883 4645 1080 4710 XXVI,
1119 4650 1200 4700 33.
1259 4662 1309 4700 v.
1343 4645 1560 4714 Langii:
1584 4645 1666 4699 R.
1703 4646 1770 4700 A.
1804 4644 1899 4711 112,
1938 4647 2033 4699 413
2070 4660 2149 4713 sq.
