3400 5300
1671 293 2093 357 ...66-

811 458 971 526 Cum
1000 467 1214 526 autem
1241 459 1382 526 Liv.
1405 458 1544 544 VII,
1579 463 1660 525 20
1692 467 1925 544 narret,
1961 481 2187 546 pacem
2216 463 2455 548 populo
2486 464 2725 530 Caeriti
2768 484 2829 530 a.
2860 469 3139 543 4041350

643 590 792 638 esse
850 569 1070 638 datam
1125 570 1538 653 indutiasque
1592 572 1662 636 in
1720 578 1973 638 centum
2026 593 2233 640 annos
2288 573 2492 642 factas
2550 574 2619 640 in
2663 580 2867 642 sctum
2910 574 3141 641 referri

641 681 984 766 placuisse,
1029 681 1416 749 contendere
1457 703 1586 749 non
1632 682 1999 751 dubitamus
2014 733 2032 768 ,
2077 683 2271 750 etiam
2313 685 2535 767 leqatis·
2576 684 2850 748 indutias
2891 685 3143 749 Romae

642 792 1112 880 impetrantibus
1124 794 1166 870 ¹)
1211 799 1414 860 sctum
1459 793 1762 879 scriptum
1805 794 1963 862 dari.

811 907 874 972 b.
919 903 1164 968 Romae
1206 924 1419 968 coram
1460 913 1679 968 senatu
1725 903 2225 991 disceptantibus.

815 1039 877 1080 α.
925 1015 1002 1079 de
1037 1013 1266 1098 finibus
1309 1014 1698 1100 aliorumque
1745 1036 2044 1100 agrorum
2076 1019 2489 1103 possessione.

813 1127 962 1193 Non
1007 1127 1212 1194 solum
1257 1123 1427 1210 quod
1463 1132 1665 1192 sctum
1698 1133 2009 1211 superest,
2054 1148 2179 1210 quo
2208 1128 2443 1196 Samiis
2473 1134 2537 1195 et
2565 1128 3025 1196 Prienensibus
3054 1128 3144 1196 de

649 1238 882 1306 finibus
914 1237 1319 1322 litigantibus
1331 1238 1376 1313 ²)
1423 1242 1686 1304 senatus
1714 1237 2083 1321 respondet,
2130 1237 2246 1304 sed
2276 1239 2469 1305 etiam
2499 1238 2669 1323 quod
2699 1239 2893 1306 Sicul.
2922 1240 3137 1306 Flacc.
3256 1235 3261 1240 ’

643 1372 708 1435 p.
758 1354 876 1415 154
916 1351 1060 1433 sq.³)
1104 1347 1407 1430 affirmat,
1467 1345 1548 1413 de
1590 1367 1885 1431 agrorum
1932 1347 2248 1416 divisione
2290 1355 2356 1415 et
2397 1348 2839 1433 assignatione
2883 1348 3145 1416 decreta

645 1468 788 1527 rata
818 1481 948 1529 non
979 1479 1144 1544 esse,
1187 1458 1316 1527 nisi
1345 1459 1466 1524 rite
1493 1457 1561 1524 in
1591 1477 1742 1525 aere
1772 1457 2097 1543 inscripta,
2143 1458 2211 1524 in
2254 1460 2620 1527 universum
2657 1460 2944 1528 iudicare
2972 1461 3143 1539 licet,

645 1571 878 1656 legatis
922 1570 1004 1637 de
1045 1570 1219 1654 agris
1261 1569 1429 1635 inter
1471 1589 1544 1637 se
1596 1569 2105 1653 disceptantibus
2158 1588 2409 1654 semper
2420 1572 2465 1648 ⁴)
2510 1570 2652 1636 dari
2696 1572 2939 1656 scripta
2980 1578 3139 1638 scta.

815 1686 878 1764 β.
936 1681 1014 1744 de
1057 1680 1200 1744 aliis
1240 1678 1426 1748 rebus
1467 1678 1837 1742 domestic-tls.

815 1793 916 1858 Ita
979 1811 1120 1858 cum
1177 1789 1827 1856 Lacedaemoniorum
1885 1794 1949 1854 et
2003 1789 2399 1855 Achaeorum
2463 1792 2661 1874 legati
2723 1790 2891 1858 inter
2946 1811 3016 1858 se
3079 1813 3137 1858 a.

651 1906 920 1982 5711183
978 1921 1188 1967 coram
1247 1907 1476 1968 senatu
1532 1883 1964 1984 disceptarent
2022 1898 2185 1979 (Liv.
2243 1900 2569 1984 XXXIX,
2630 1905 2769 1984 48),
2828 1909 3035 1968 utrum
3093 1902 3139 1967 ii

647 2015 1159 2095 restituerentur,
1216 2031 1374 2093 quos
1429 2009 1670 2077 Achaei
1729 2009 2239 2093 damnavissent,
2299 2029 2534 2093 necne,
2591 2011 2809 2094 inique
2864 2033 2953 2077 an
3007 2011 3143 2077 iure

649 2124 1050 2205 occidissent,
1097 2142 1256 2206 quos
1299 2127 1655 2204 necassent,
1699 2127 1907 2186 utrum
1936 2119 2434 2186 Lacedaemonii
2464 2121 2532 2186 in
2561 2121 2839 2188 Achaico
2869 2121 3139 2188 concilio
3194 2193 3203 2202 ,

649 2241 1010 2316 manerent,
1069 2251 1274 2300 necne
1288 2281 1305 2316 ,
1365 2238 1626 2298 senatus
1685 2232 1909 2298 exules
1951 2229 2227 2296 restituit
2270 2231 2629 2315 iudiciaque
2672 2232 2841 2299 facta
2883 2233 3145 2300 sustulit

651 2345 965 2428 scribique
1019 2344 1308 2429 patribus
1365 2343 1604 2426 placuit
1643 2341 1713 2407 id
1760 2341 2081 2408 decretum
2126 2346 2190 2408 et
2232 2342 2591 2425 consignari
2634 2363 2677 2407 a
2715 2341 3146 2409 Lacedaemo·

650 2457 776 2522 niis
820 2461 885 2522 et
928 2455 1225 2521 Achaeis.
1327 2452 1565 2520 Iisdem
1622 2471 1777 2518 vero
1821 2450 2351 2517 Lacedaemoniis
2412 2452 2706 2519 exulibus
2764 2473 2823 2518 a.
2871 2456 3139 2532 573l181

652 2567 812 2645 (Pol.
858 2564 1068 2648 XXV,
1113 2567 1172 2628 2.
1220 2567 1278 2628 3.
1351 2562 1493 2628 Liv.
1538 2561 1691 2645 XL,
1739 2564 1845 2639 20)
1900 2567 2162 2627 senatus
2216 2561 2654 2628 tantummodo
2712 2581 2894 2647 spem
2942 2562 3141 2644 dedit,

651 2698 724 2745 se
767 2677 1143 2759 scripturum
1188 2692 1329 2741 esse
1372 2673 1647 2739 Achaeis
1689 2678 1761 2739 ut
1803 2672 2286 2739 restituerentur
2298 2674 2362 2751 ⁵).
2437 2673 2598 2739 Item
2642 2674 3147 2741 Atheniensibus

655 2796 719 2855 et
745 2786 1022 2853 Achaeis
1051 2787 1295 2850 Romae
1337 2782 1740 2865 litigantibus
1772 2782 1853 2849 de
1881 2785 2086 2851 Deliis
2114 2790 2247 2851 scto
2276 2784 2571 2851 Achaeos
2614 2792 2785 2853 recte
2818 2785 3149 2853 censuisse

655 2897 1062 2964 constitutum
1108 2897 1260 2975 est⁶)
1305 2895 1467 2975 (Pol.
1511 2893 1797 2978 XXXII,
1848 2897 1970 2973 17).

823 3027 877 3074 c.
921 3008 1124 3070 missis
1166 3026 1206 3069 a
1236 3005 1508 3090 populis,
1557 3010 1820 3091 quorum
1862 3026 1966 3067 res
2009 3026 2049 3069 a
2089 3015 2305 3068 senatu
2350 3006 2739 3075 ordinantur.

823 3117 975 3184 Scta
1029 3116 1156 3182 duo
1211 3114 1280 3181 in
1334 3135 1650 3182 marmore
1699 3116 2008 3200 inscripta
2063 3115 2252 3199 (Eph.
2299 3116 2498 3201 epigr.
2542 3117 2608 3199 Ι,
2654 3120 2803 3195 278)
2861 3136 3003 3181 cum
3064 3116 3151 3184 de

653 3228 1116 3301 Thisbaeorum
1157 3226 1330 3310 agris
1373 3232 1438 3292 et
1479 3224 1953 3309 magistratibus
1997 3231 2063 3292 et
2106 3225 2189 3291 de
2230 3226 2651 3309 vectigalibus
2702 3226 2975 3312 publicis
3030 3225 3153 3293 ad-

654 3338 1092 3405 ministrandis
1134 3356 1324 3420 quam
1367 3336 1843 3403 accuratissime
1887 3337 2259 3419 decernant,
2303 3336 2457 3403 inde
2498 3338 2799 3420 sequitur,
2857 3343 3153 3405 senatum

655 3566 880 3637 Dionys.
917 3564 989 3629 H,
1023 3570 1104 3618 55.
1157 3563 1254 3630 ΠΙ,
1290 3566 1372 3617 33.
1437 3562 1534 3629 IV,
1567 3567 1648 3619 26.
1703 3562 1815 3618 Cic.
1849 3562 2003 3618 Balb.
2041 3568 2125 3619 23.
2179 3564 2318 3634 App.
2356 3564 2473 3635 Syr.
2512 3570 2594 3621 39.
2662 3567 2813 3622 Suet.
2835 3566 3064 3635 Vespns.
3103 3568 3151 3619 8.

658 3659 978 3715 Mommseni
1008 3659 1044 3712 l.
1082 3672 1128 3712 c.
1162 3672 1217 3725 p.
1255 3661 1373 3724 212,
1408 3656 1564 3711 Rom.
1599 3656 1824 3712 Forsch.
1861 3661 1901 3711 t.
1938 3658 1982 3725 I,
2016 3673 2071 3726 p.
2098 3662 2216 3712 336.
2269 3657 2676 3717 Mendelssohni
2702 3661 2743 3715 -l.
2765 3676 2815 3714 c.
2839 3675 2894 3729 p.
2918 3663 3031 3713 195.
3068 3658 3153 3712 De

658 3753 878 3809 foedere
907 3754 1163 3807 renovato
1197 3767 1245 3805 v.
1282 3750 1396 3804 Liv.
1431 3749 1604 3817 XLII,
1641 3754 1689 3805 6.
1728 3749 1845 3816 XL,
1880 3754 1963 3804 58.
1998 3749 2196 3814 XLIV,
2225 3755 2303 3806 14.
2335 3752 2452 3807 Pol.
2487 3752 2740 3821 XXVIII,
2764 3759 2811 3807 1.
2844 3750 3049 3819 XXXI,
3070 3755 3151 3805 14.

801 3850 850 3914 ι)
883 3845 998 3900 Liv.
1032 3846 1177 3909 1,15.
1210 3844 1286 3909 11,
1319 3849 1403 3898 54.
1438 3843 1505 3911 V,
1540 3848 1622 3898 32.
1657 3842 1727 3911 X,
1762 3850 1811 3897 5.
1948 3847 2000 3911 2)
2036 3843 2157 3899 0.1.
2180 3843 2361 3911 (3211,
2396 3848 2546 3900 2905.
2582 3845 2763 3901 Lobas
2795 3845 3154 3912 111‚195—9s

661 3956 720 4009 p.
742 3944 822 3993 77.
962 3941 1016 4005 3)
1051 3937 1298 4006 Scriptor
1328 3937 1420 3992 ille
1454 3935 1696 4005 quamvis
1731 3936 1861 3992 solis
1897 3936 1963 3991 de
1997 3940 2387 4006 imperatorum
2416 3936 2785 3993 Romanorum
2818 3938 3157 4008 temporibus

662 4032 862 4101 cogitet
905 4060 974 4071 ——-
1020 4045 1159 4099 quae
1206 4030 1276 4085 ad
1319 4034 1565 4100 tempora
1606 4028 1889 4099 inscriptio
1933 4045 2145 4099 quoque
2188 4031 2449 4099 pertinet,
2501 4048 2660 4100 quam
2692 4031 3066 4087 Mommsenus
3097 4031 3157 4085 in

661 4116 898 4182 Hermae
931 4124 1036 4180 vol.
1069 4124 1139 4189 H,
1182 4141 1236 4194 p.
1278 4128 1369 4179 103
1385 4137 1392 4141 ·
1406 4130 1664 4179 accurate
1697 4123 1987 4194 explicavit
2018 4156 2086 4165 —
2120 4128 2301 4182 tamen
2334 4125 2569 4180 fortasse
2603 4125 2673 4180 ad
2704 4126 2908 4181 liberae
2944 4140 3158 4195 quoque

663 4216 998 4288 reipublicae
1029 4221 1274 4288 tempora
1306 4234 1415 4274 non
1463 4219 1618 4273 nimis
1665 4217 1925 4272 audacter
1968 4217 2253 4273 referimus
2294 4217 2427 4273 illud
2470 4219 2852 4275 testimonium.
3011 4222 3065 4286 4)
3108 4236 3157 4273 v.

663 4316 848 4367 tamen
880 4327 934 4380 p.
972 4316 1055 4379 64,
1089 4316 1137 4365 4.
1310 4314 1360 4378 5)
1411 4311 1665 4367 Similiter
1694 4310 1954 4366 Antiochi
1995 4310 2189 4380 legatis
2235 4327 2357 4366 cum
2390 4312 2683 4367 Ptolemaei
2726 4312 3157 4383 disceptantibus

667 4410 888 4460 senatus
921 4404 1213 4473 respondet
1245 4404 1380 4473 (Pol.
1416 4404 1672 4473 XXVIII,
1712 4410 1779 4473 1),
1813 4421 1873 4462 se
1907 4405 1971 4472 Q.
2005 4403 2282 4459 Maenium
2318 4407 2591 4462 consulem
2622 4406 2899 4461 iussurum
2933 4422 3057 4463 esse
3076 4405 3159 4460 -ad

667 4492 1036 4555 Ptolemaeum
1077 4499 1336 4566 scribere,
1383 4503 1446 4552 ut
1491 4499 1544 4554 ei
1576 4514 1608 4555 e
1641 4488 1924 4570 republica
1955 4497 2124 4553 fideve
2160 4513 2259 4553 sua
2292 4498 2551 4553 videatur.
2710 4502 2762 4565 6)
2808 4499 2875 4554 In
2919 4502 3039 4554 scto
3092 4499 3156 4553 de

670 4592 862 4648 Samiis
896 4598 951 4648 et
983 4592 1365 4647 Prienensibus
1400 4596 1620 4648 senatus
1656 4592 1841 4649 eadem
1875 4592 2085 4647 ratione
2103 4590 2478 4649 Prienensium
2510 4592 2787 4649 decretum
2822 4593 3155 4665 comprobat,

670 4686 973 4746 Samiorum
1003 4686 1231 4755 repellit.
