3400 5300
1607 263 2027 324 ...24-

668 635 677 647 1
1543 527 1881 606 CAPUT
1934 530 2075 606 111.

569 714 690 780 DE
722 712 1144 799 TEMPORE,
1176 711 1352 794 QUO
1382 713 1707 782 LEGATI
1734 712 2040 781 ROMAM
2060 715 2509 820 ADVENIRE
2533 715 2814 785 SOLITI
2838 717 3053 786 SINT.

1380 902 1454 967 A.
1514 900 1926 968 Sociorum
1971 901 2245 984 legati.

741 1051 896 1118 Cum
939 1051 1007 1116 in
1038 1053 1410 1135 quaestione
1451 1052 1815 1136 iudicanda,
1846 1053 2074 1136 quibus
2102 1054 2493 1138 temporibus
2522 1055 2834 1120 sociorum
2861 1055 3057 1140 legati

569 1161 837 1230 Romam
893 1163 1220 1246 venerint,
1276 1164 1461 1229 nobis
1516 1163 1911 1250 propositum
1970 1164 2079 1239 sit,
2136 1163 2477 1248 indagare,
2536 1165 2589 1231 si
2648 1163 2783 1231 fieri
2836 1166 3053 1248 possit,

567 1279 777 1352 utrum
820 1272 1009 1338 certis
1052 1273 1430 1355 quibusdam
1473 1273 1626 1338 anni
1669 1273 2063 1358 temporibus
2105 1274 2259 1339 soeii
2302 1274 2551 1357 legatos
2594 1273 2845 1341 mittere
2886 1275 3055 1341 soliti

569 1382 700 1449 sint
742 1402 964 1464 neone,
1008 1400 1122 1449 eas
1164 1382 1539 1466 legationen,
1586 1402 1745 1464 quas
1768 1382 2059 1466 fortuito
2104 1393 2382 1468 tempore
2415 1382 2760 1451 advenisse
2789 1391 3054 1468 constat,

567 1492 764 1575 plane
808 1491 1167 1558 omittimus.
1243 1492 1407 1557 Nam
1453 1511 1594 1558 eum
1626 1493 1999 1582 Saguntinis
2014 1495 2056 1572 ¹)
2100 1529 2184 1539 —
2227 1497 2297 1557 ut
2338 1494 2639 1577 exempla
2679 1492 2944 1560 afferam
2979 1528 3053 1540 —-

568 1601 722 1667 anni
781 1601 1093 1685 principio
1151 1601 1392 1668 bellum
1435 1602 1827 1686 immineret,
1884 1605 2041 1670 anni
2084 1602 2395 1686 principio
2439 1604 2706 1669 Romam
2751 1603 3059 1670 miserunt

567 1708 814 1796 legatos
855 1709 1160 1776 auxilium
1204 1717 1528 1796 petentes;
1575 1721 1794 1779 eontra
1837 1713 2096 1778 Hernici
2109 1715 2175 1794 ²),
2222 1731 2361 1778 eum
2409 1733 2628 1780 eorum
2657 1711 2817 1780 fines
2846 1712 3057 1780 medio

565 1839 738 1886 anno
767 1820 973 1902 Aequi
1017 1827 1081 1886 et
1099 1821 1313 1888 Volsei
1357 1820 1915 1909 depopularentur,
1963 1822 2191 1888 Sextili
2236 1842 2456 1890 mense
2499 1825 2768 1889 Romam
2812 1824 3057 1906 legatos

567 1929 952 2007 miserunt2).

744 2070 795 2129 1.
842 2063 1320 2148 Priusquam
1378 2063 1659 2128 consules
1699 2067 1764 2128 in
1798 2067 2162 2151 provincias
2194 2065 2485 2151 profi-etz·
2522 2075 2695 2139 sunt,
2755 2077 3057 2130 venerunt

568 2172 791 2256 ἱεραί.-

567 2302 609 2348 a
652 2283 882 2349 Paesto
927 2288 991 2347 et
1032 2282 1312 2350 Hierone
1890 2304 1948 2350 a.
1983 2286 2253 2366 5381216
2286 2284 2449 2362 (Liv.
2478 2283 2696 2366 XXII,
2732 2287 3030 2355 35—38).

567 2400 1082 2467 Plaeentinorum
1129 2407 1192 2468 et
1237 2400 1756 2468 Cremonensium
1891 2424 1951 2469 a.
2000 2406 2271 2480 5481206
2315 2402 2479 2480 (Liv.
2522 2397 2832 2485 XXVIII,
2883 2407 3007 2479 11).

569 2517 1468 2603 Saguntinorumaliorumque
1480 2521 1861 2604 populorum
1891 2539 1949 2586 a.
1998 2523 2267 2598 5491205
2315 2519 2475 2597 (Liv.
2520 2518 2831 2598 XXVIII,
2878 2524 3000 2599 38).

567 2636 921 2724 Ptolemaei
1882 2660 1941 2705 a.
1992 2643 2261 2721 5541200
2307 2639 2470 2717 (Liv.
2513 2637 2765 2722 XXXI,
2811 2641 2895 2715 9).

566 2755 960 2839 Ardeatium,
978 2754 1616 2839 Carthaginiensium,
1636 2756 1796 2823 Nar-

595 2906 600 2913 ,
655 2874 994 2957 niensium,
1042 2873 1433 2941 Omanorum
1809 2755 1844 2960 }
1886 2836 1945 2881 a.
1994 2819 2265 2893 5551199
2310 2815 2473 2893 (Liv.
2519 2815 2801 2897 XXXII,
2853 2820 3059 2894 1—2).

571 2992 773 3060 Attali
1888 3012 1947 3061 a.
1997 2997 2267 3072 5561198
2313 2994 2473 3073 (Liv.
2522 2992 2807 3075 XXXII,
2854 2995 2938 3070 8).

571 3110 953 3177 Graecorum
998 3116 1063 3175 et
1105 3109 1386 3194 Philippi
1429 3110 1598 3194 regis
1882 3132 1942 3178 a.
1991 3113 2259 3195 5571197
2308 3112 2466 3189 (Pol.
2511 3111 2761 3192 XVIH,
2813 3114 2996 3189 11)⁴).

567 3227 922 3295 Ptolemaei
967 3235 1031 3295 et
1074 3226 1456 3312 Cleopatrae
1888 3249 1946 3297 a.
1996 3234 2263 3308 5641190
2308 3230 2469 3308 (Liv.
2514 3228 2859 3312 XXXVII,
2908 3232 2988 3306 3).

568 3348 1052 3430 Thessalorum,
1097 3348 1432 3430 Eumenis,
1476 3348 1779 3414 Athama-
2294 3348 2455 3428 (Liv.
2487 3346 2795 3428 XXXIV,
2827 3350 2907 3412 23
2938 3350 3061 3429 sq.)

651 3484 896 3546 norum,
943 3465 1444 3532 Perrhaeborum
2294 3466 2454 3543 (Pol.
2501 3464 2750 3547 XXIII,
2800 3468 2878 3541 6).

567 3583 848 3681 Philippi
893 3588 957 3649 et
998 3582 1322 3681 Eumenis,
1368 3585 1823 3653 Thessalorum
1888 3603 1946 3651 a.
1993 3587 2265 3663 5701184
2310 3585 2468 3661 (Liv.
2515 3582 2827 3664 XXXIX,
2875 3587 2997 3661 33).

1809 3349 1843 3551 }
1884 3428 1944 3476 a.
1977 3408 2247 3486 5691185

705 3788 754 3852 1)
788 3783 902 3840 Liv.
939 3782 1086 3850 XXI,
1122 3789 1172 3839 6.
1347 3789 1398 3853 2)
1433 3784 1549 3840 Liv.
1586 3783 1682 3851 ΠΙ,
1719 3789 1767 3839 6.
1943 3788 1995 3851 3)
2028 3784 2220 3853 Itaque
2263 3784 2449 3840 iisdem
2486 3783 2814 3839 similibusve
2848 3784 3057 3839 caussis

567 3878 789 3934 adducti
832 3877 892 3932 in
935 3876 1248 3947 quaestione
1291 3878 1582 3933 omittimus
1616 3860 1936 3947 legationem
1970 3876 2363 3933 Nucerinorum
2396 3880 2454 3933 et
2484 3878 2883 3932 Acerranorum
2919 3877 3053 3944 (Liv.

567 3970 797 4037 XXVII,
832 3975 913 4037 3),
961 3969 1311 4025 Locrensium
1344 3970 1478 4037 (Liv.
1513 3970 1714 4037 XXIX,
1755 3975 1861 4039 17),
1907 3969 2232 4027 Masinissae
2268 3970 2402 4037 (Liv.
2436 3969 2609 4036 XXX,
2648 3972 2762 4034 17),
2807 3968 3053 4040 Sagunti-

566 4079 760 4121 norum
796 4062 930 4130 (Liv.
964 4062 1137 4129 XXX,
1175 4066 1277 4131 21),
1312 4064 1483 4119 Attali
1517 4067 1574 4121 et
1607 4063 1942 4119 Rhodiorum
1978 4062 2111 4127 (Liv.
2148 4060 2346 4125 XXXI,
2372 4066 2439 4129 2),
2474 4060 2885 4117 Atheniensium
2918 4062 3053 4129 (Liv.

566 4156 767 4221 XXXI,
805 4159 885 4220 5),
931 4155 1101 4210 Attali
1135 4154 1270 4222 (Liv.
1305 4154 1534 4223 XXXII,
1571 4159 1686 4222 27),
1735 4156 2160 4211 Cenomanorum
2194 4152 2327 4219 (Liv.
2365 4152 2617 4220 XXXIX,
2657 4158 2725 4221 3),
2774 4154 3054 4211 Gallorum

567 4250 704 4318 (Liv.
742 4246 1004 4315 XXXIX,
1051 4253 1133 4302 54.
1187 4246 1392 4313 XLIII,
1429 4253 1477 4303 6.
1528 4248 1723 4317 XLIV,
1763 4252 1874 4315 14),
1918 4246 2144 4303 Prusiae
2190 4246 2324 4312 (Liv.
2360 4246 2526 4313 XLV,
2561 4252 2665 4313 44).
2739 4248 3055 4303 cautissime

567 4348 748 4397 autem
780 4339 1126 4395 iudicandum
1161 4346 1244 4396 est
1266 4340 1333 4395 de
1367 4341 1660 4410 legatorum
1683 4341 2071 4407 gratulantium
2095 4339 2341 4405 adventu,
2379 4339 2504 4409 quia
2528 4354 2558 4394 e
2582 4339 2792 4409 Polybii
2827 4346 3059 4411 apparet

567 4433 890 4491 testimoniis
926 4431 1060 4498 (Pol.
1095 4422 1270 4500 XXII,
1310 4438 1354 4487 1.
1395 4434 1516 4489 coll.
1550 4434 1724 4501 XXX,
1747 4438 1828 4496 17)
1866 4447 1958 4497 eos
1992 4432 2138 4509 illico
2172 4435 2297 4501 post
2331 4445 2423 4485 eas
2457 4445 2544 4486 res
2580 4446 2841 4503 prospere
2874 4438 3053 4501 gestas

569 4528 640 4583 ad
677 4542 810 4597 quas
844 4525 1190 4595 pertinebant
1220 4524 1362 4581 mitti
1382 4527 1569 4583 solere.
1693 4531 1749 4593 4)
1782 4526 1942 4582 Haud
1977 4526 2056 4581 ita
2094 4529 2239 4581 recte
2257 4522 2371 4578 Liv.
2390 4522 2620 4590 XXXII,
2641 4529 2721 4581 37.
2759 4544 2807 4581 v.
2825 4526 3054 4581 Momm-

567 4621 708 4679 seni:
749 4618 997 4675 chronol.
1031 4634 1087 4687 p.
1125 4622 1205 4673 40.
