3400 5300
1291 329 1713 390 -51-

257 499 558 566 rellarum
602 496 806 577 turba,
853 514 1018 579 quae
1062 495 1120 561 ei
1162 492 1539 560 refutandae
1583 500 1786 576 erant,
1831 493 2091 560 confuso
2136 493 2557 579 permiserunt
2586 511 2754 558 com-

261 609 418 676 moti
476 607 612 675 eius
665 604 988 688 tirocinio,
1055 614 1125 669 ut
1179 604 1319 688 ipse
1374 605 1673 671 recitaret
1728 604 1811 671 de
1867 605 2421 686 commentariolo,
2480 622 2667 686 quem
2711 623 2753 668 a

261 725 446 804 patre
499 737 570 784 se
623 717 950 801 accepisse
1007 721 1266 798 rogatus
1327 714 1596 797 diceret,
1655 713 1812 780 inde
1868 712 2161 780 concludi
2214 713 2480 797 cogique
2522 719 2751 797 potest,

257 827 492 912 legatis
533 826 803 892 recitare
860 847 896 892 e
951 824 1185 909 scripto
1229 844 1361 890 non
1402 824 1688 906 licuisse,
1748 823 1866 890 sed
1906 824 1986 888 iis
2028 823 2229 889 verba
2272 841 2415 889 esse
2457 822 2755 890 facienda

259 939 442 1005 libris
483 937 734 1020 scriptis
778 956 908 1002 non
951 933 1278 1000 adhibitis,
2782 922 2793 935 '

435 1046 675 1114 Caesar
717 1051 930 1112 autem
974 1063 1116 1109 cum
1162 1043 1442 1109 omnium
1486 1043 1729 1126 primus
1778 1064 1840 1110 a.
1887 1042 2115 1126 695j59
2159 1042 2539 1110 instituisset
2552 1045 2628 1123 ¹),
2685 1047 2758 1107 ut

262 1164 524 1226 senatus
568 1157 800 1222 diurna
841 1161 988 1221 acta
1031 1153 1489 1221 conficerentur
1501 1155 1548 1231 2)
1591 1160 1657 1220 et
1698 1154 2197 1238 publicarentur,
2240 1173 2356 1238 per
2398 1171 2469 1218 se
2511 1152 2758 1218 intelle·

261 1270 450 1353 gitur,
503 1266 658 1332 inde
715 1286 758 1332 a
801 1264 1096 1331 Caesaris
1149 1263 1542 1348 temporibus
1559 1307 1577 1343 ‚
1636 1270 1707 1329 ut
1762 1264 2013 1330 litterae
2054 1263 2142 1330 ad
2186 1268 2479 1329 senatum
2522 1262 2759 1328 missae

261 1379 425 1446 actis
467 1375 976 1456 includebantur,
1036 1375 1263 1451 (Tacit.
1311 1374 1479 1439 Ann.
1523 1374 1589 1438 II
1605 1423 1620 1456 ,
1671 1377 1809 1456 88),
1866 1375 1957 1439 ita
2003 1375 2355 1458 legatorum
2377 1369 2757 1439 ‘orationum

263 1489 587 1573 epitomen
631 1487 891 1552 brevem
935 1485 1002 1549 in
1045 1492 1306 1551 senatus
1350 1493 1494 1550 acta
1536 1485 1737 1567 recipi
1780 1485 2031 1550 solitam
2076 1503 2237 1550 esse.

641 1734 701 1796 2.
767 1729 1058 1814 Legati
1112 1750 1154 1794 a
1209 1729 1737 1795 senatoribus
1794 1728 2388 1794 examinantur.

436 1881 565 1950 Sed
608 1882 844 1949 factum
891 1889 988 1948 est
1029 1901 1526 1964 nonnumquam,
1571 1887 1640 1944 ut
1683 1881 2036 1963 legatorum
2080 1880 2379 1964 princeps
2410 1879 2762 1945 orationem

265 1994 352 2060 ad
413 1992 602 2059 finem
660 1993 1012 2075 perducere
1065 2012 1195 2058 non
1251 1998 1498 2075 posset,
1567 1990 1740 2072 quod
1794 1992 2234 2074 magistratus,
2302 1990 2410 2074 qui
2468 1995 2761 2056 senatum

266 2109 596 2185 coegerat,
656 2122 801 2168 eum
860 2100 1464 2182 interrogationibus
1517 2100 1981 2183 interrumpere
2024 2101 2248 2184 potuit.
2337 2102 2439 2165 Ita
2480 2099 2764 2184 Philippi

264 2215 435 2296 regis
479 2214 728 2294 legatos
770 2209 1209 2276 accusationes
1253 2211 1606 2292 legatorum
1652 2210 2039 2275 Graecorum
2082 2212 2326 2276 Romae
2382 2230 2443 2275 a.
2490 2211 2758 2292 557l197

263 2343 307 2388 a
351 2342 422 2388 se
464 2327 826 2388 avertentes
869 2320 1090 2384 consul
1133 2318 1313 2383 brevi
1355 2299 1854 2402 interrogatione
1908 2320 2274 2402 interrupit,
2334 2320 2764 2388 traditurusne

266 2437 438 2499 esset
491 2451 606 2497 rex
650 2429 912 2496 Graccis
956 2426 1465 2511 Demetriadem,
1526 2427 1931 2510 Chalcidem,
1985 2428 2391 2514 Corinthum3
2454 2431 2562 2512 qui
2621 2450 2765 2496 cum

264 2548 608 2625 negarent,
666 2539 955 2604 mandati
997 2538 1120 2604 sibi
1165 2539 1288 2604 hac
1333 2539 1415 2605 de
1458 2559 1527 2605 re
1571 2539 1908 2623 quicquam
1954 2558 2125 2619 esse,
2184 2539 2401 2605 statim
2456 2558 2765 2623 responso

265 2673 398 2719 non
445 2649 596 2717 dato
643 2670 680 2717 e
723 2649 897 2715 curia
941 2647 1256 2715 excedere
1297 2649 1456 2715 iussi
1499 2657 1646 2715 sunt
1691 2649 1848 2727 (Pol.
1881 2632 2125 2731 XVIII,
2158 2654 2255 2714 11.
2300 2649 2440 2715 Liv.
2472 2651 2762 2735 XXXII,

268 2767 398 2841 37).
468 2764 628 2827 Item
665 2757 880 2825 Gentii
921 2759 1092 2842 regis
1134 2760 1353 2842 legati,
1398 2760 1611 2843 specie
1654 2762 2029 2843 legatorum,
2075 2781 2143 2826 re
2188 2780 2345 2827 vera
2386 2762 2763 2844 speculandi

266 2892 496 2939 caussa
538 2872 805 2935 Romam
849 2889 907 2933 a.
955 2872 1224 2947 5821172
1269 2869 1470 2951 missi,
1513 2870 1582 2934 in
1625 2876 1919 2937 senatum
1962 2870 2193 2951 vocati,
2240 2889 2381 2937 cum
2425 2890 2498 2937 se
2539 2874 2766 2939 missos

267 3001 412 3051 esse
453 2981 540 3046 ad
584 2978 922 3063 purganda
965 2978 1250 3059 crimina,
1295 2979 1350 3044 si
1379 2999 1506 3061 qua
1538 2978 1619 3045 de
1647 2999 1800 3063 rege
1830 2982 2119 3048 Issenses
2156 2980 2414 3065 ferrent,
2458 2981 2766 3065 dicerent,

266 3112 310 3157 a
354 3090 612 3156 consule
665 3088 999 3171 interrupti
1043 3094 1190 3153 sunt
1234 3095 1609 3171 quaerente,
1676 3108 1787 3154 cur
1840 3111 1971 3155 non
2024 3090 2273 3157 ratione
2330 3091 2521 3157 solita
2576 3100 2796 3175 atque

265 3203 628 3266 inveterata
667 3198 1107 3281 magistratum
1151 3198 1483 3282 adiissent,
1527 3206 1597 3264 ut
1639 3219 1862 3265 omnes
1906 3200 2017 3265 alii
2060 3201 2273 3283 legati.
2362 3200 2770 3270 Haesitantes

269 3330 423 3376 vero
478 3310 546 3373 in
601 3327 909 3391 responso
967 3307 1211 3374 dimissi
1266 3316 1414 3375 sunt
1467 3310 1608 3375 sine
1650 3330 1960 3399 responso
2016 3310 2181 3385 (Liv.
2226 3309 2442 3392 XLII,
2500 3314 2626 3387 26).
2684 3347 2769 3359 --

272 3418 685 3486 Orationibus
729 3437 882 3485 vero
926 3419 1280 3501 legatorum
1325 3419 1624 3503 perfectis
1667 3439 1848 3485 more
1890 3418 2123 3485 tradito
2168 3420 2455 3503 patribus
2490 3426 2771 3503 potesta·

268 3538 432 3611 tem,
489 3529 545 3595 si
588 3528 729 3610 quis
774 3526 927 3608 quid
967 3526 1199 3611 vellet,
1257 3529 1696 3613 interrogandi
1751 3531 1997 3615 legatos
2042 3529 2481 3613 magistratum
2522 3529 2769 3613 fecisse,

270 3640 495 3705 Livius
538 3637 754 3703 multis
767 3637 811 3714 ³)
858 3636 1017 3701 locis
1060 3636 1298 3703 diserte
1339 3646 1610 3705 testatus
1656 3644 1771 3705 est.

445 3747 688 3827 Quibus
745 3747 937 3812 rebus
991 3746 1176 3812 factis
1231 3753 1723 3831 senatorumque
1776 3751 1956 3816 nullo
2005 3750 2136 3817 iam
2178 3750 2617 3832 interrogandi
2659 3770 2771 3832 po-

271 3864 570 3926 testatem
613 3862 872 3939 petente
915 3857 1110 3939 legati
1155 3857 1468 3924 excedere
1510 3859 1686 3923 curia
1698 3860 1744 3935 4)
1787 3859 2191 3926 iubebantur.

417 4064 465 4126 1)
517 4059 665 4115 Suet.
703 4061 854 4114 Caesi.
891 4064 973 4114 20.
1029 4060 1098 4114 cf.
1133 4059 1413 4114 Huebneri
1457 4054 1543 4113 ‘de
1589 4063 1811 4114 senatus
1858 4059 2153 4128 populique
2199 4059 2432 4114 Romani
2476 4052 2635 4113 actis'
2696 4057 2772 4123 (in

273 4152 618 4207 Fleckeiseni
653 4153 928 4208 annalium
963 4155 1143 4223 suppl.
1183 4152 1281 4220 111,
1316 4155 1456 4217 564).
1597 4156 1646 4217 2)
1686 4150 1961 4207 Ciceronis
1996 4152 2149 4218 (Sull.
2189 4158 2263 4218 14,
2303 4144 2403 4219 15)
2423 4168 2490 4207 ex
2522 4151 2769 4206 instituto

274 4262 412 4301 novo
433 4246 786 4315 Allobrogum
820 4245 1025 4314 legatis,
1048 4245 1309 4301 Catilinae
1337 4244 1722 4299 coniurationis
1755 4244 2040 4310 indicibuS,
2075 4245 2132 4298 in
2166 4250 2414 4300 senatum
2446 4244 2771 4299 introductis

275 4344 554 4395 senatores
592 4337 875 4392 constituti
909 4342 1052 4404 sunt,
1088 4339 1188 4393 viri
1221 4352 1381 4406 quam
1406 4337 1739 4404 nobilissimi,
1776 4336 1869 4405 qui
1890 4338 2125 4393 omnium
2148 4338 2388 4392 indicum
2405 4337 2566 4404 dicta,
2602 4338 2770 4392 inter-

274 4437 495 4499 rogata,
546 4445 808 4499 responsa
859 4432 1275 4498 perscriberent.
1485 4434 1537 4499 3)
1587 4430 1705 4485 Liv.
1740 4429 1898 4495 VIII,
1936 4435 2016 4485 21.
2088 4430 2289 4497 XXIX,
2330 4435 2406 4485 19.
2477 4428 2651 4496 XXX,
2688 4434 2769 4484 22.

275 4524 555 4591 XXXVII,
594 4530 639 4579 1.
776 4526 830 4590 4)
864 4524 978 4579 Liv.
1015 4524 1136 4592 VII,
1172 4530 1256 4580 31.
1302 4524 1499 4593 XXVI,
1538 4528 1620 4579 30.
1659 4529 1742 4579 33.
1776 4522 2002 4591 XXVH,
2043 4528 2087 4576 1.
2137 4522 2337 4589 XXIX,
2378 4528 2459 4578 19.
2494 4522 2667 4591 XLII,
2706 4528 2770 4579 28

279 4622 334 4671 et
367 4617 549 4672 multis
581 4616 704 4673 aliis
736 4617 888 4672 locis.
956 4616 1071 4672 Pol.
1107 4616 1308 4685 XXIX,
1347 4622 1392 4671 7.
1450 4616 1704 4671 XXXIII.
1746 4622 1791 4673 1.
1860 4615 2023 4672 Dion.
2059 4616 2155 4682 VI,
2192 4622 2272 4671 21.
2316 4620 2375 4671 18
2412 4631 2491 4687 sq.
2537 4616 2686 4685 Vm,
2722 4621 2771 4671 9.

276 4710 475 4765 Zonar.
510 4710 657 4779 VIII,
697 4716 776 4765 15.
