<?xml version="1.0" encoding="UTF-8"?>
<!DOCTYPE html PUBLIC "-//W3C//DTD XHTML 1.0 Transitional//EN"
    "http://www.w3.org/TR/xhtml1/DTD/xhtml1-transitional.dtd">
<html xmlns="http://www.w3.org/1999/xhtml" xml:lang="en" lang="en">
 <head>
  <title>
</title>
<meta http-equiv="Content-Type" content="text/html;charset=utf-8" />
  <meta name='ocr-system' content='tesseract 3.04.00' />
  <meta name='ocr-capabilities' content='ocr_page ocr_carea ocr_par ocr_line ocrx_word'/>
</head>
<body>
  <div class='ocr_page' id='page_1' title='image "./delegationibusr00btgoog_0029.png"; bbox 0 0 3400 5300; ppageno 0'>
   <div class='ocr_carea' id='block_1_1' title="bbox 1326 293 1745 356">
    <p class='ocr_par' dir='ltr' id='par_1_1' title="bbox 1326 293 1745 356">
     <span class='ocr_line' id='line_1_1' title="bbox 1326 293 1745 356; baseline 0 -20"><span class='ocrx_word' id='word_1_1' title='bbox 1326 293 1745 356; x_wconf 50' lang='lat'>*25-</span> 
     </span>
    </p>
   </div>
   <div class='ocr_carea' id='block_1_2' title="bbox 291 459 2774 1018">
    <p class='ocr_par' dir='ltr' id='par_1_2' title="bbox 291 459 2774 545">
     <span class='ocr_line' id='line_1_2' title="bbox 291 459 2774 545; baseline 0.002 -18"><span class='ocrx_word' id='word_1_2' title='bbox 291 459 597 530; x_wconf 84' lang='lat' dir='ltr'>Eumenis</span> <span class='ocrx_word' id='word_1_3' title='bbox 638 460 1033 544; x_wconf 88' lang='lat' dir='ltr'>aliorumque</span> <span class='ocrx_word' id='word_1_4' title='bbox 1074 460 1453 545; x_wconf 87' lang='lat' dir='ltr'>populorum</span> <span class='ocrx_word' id='word_1_5' title='bbox 1608 481 1668 526; x_wconf 89' lang='lat' dir='ltr'>a.</span> <span class='ocrx_word' id='word_1_6' title='bbox 1718 463 1985 536; x_wconf 88' lang='grc'>5711183</span> <span class='ocrx_word' id='word_1_7' title='bbox 2034 459 2196 540; x_wconf 88' lang='lat' dir='ltr'>(Liv.</span> <span class='ocrx_word' id='word_1_8' title='bbox 2241 462 2557 544; x_wconf 88' lang='lat' dir='ltr'>XXXIX,</span> <span class='ocrx_word' id='word_1_9' title='bbox 2590 468 2695 540; x_wconf 84' lang='lat'>46)</span> <span class='ocrx_word' id='word_1_10' title='bbox 2715 468 2774 543; x_wconf 87' lang='lat'>¹).</span> 
     </span>
    </p>

    <p class='ocr_par' dir='ltr' id='par_1_3' title="bbox 292 578 1506 788">
     <span class='ocr_line' id='line_1_3' title="bbox 292 578 1506 663; baseline 0 -19"><span class='ocrx_word' id='word_1_11' title='bbox 292 578 616 659; x_wconf 86' lang='lat' dir='ltr'>Eumenis,</span> <span class='ocrx_word' id='word_1_12' title='bbox 663 578 1032 660; x_wconf 72' lang='lat' dir='ltr'><strong>Pharnacis,</strong></span> <span class='ocrx_word' id='word_1_13' title='bbox 1064 579 1348 663; x_wconf 88' lang='lat' dir='ltr'>Philippi</span> <span class='ocrx_word' id='word_1_14' title='bbox 1393 578 1506 644; x_wconf 86' lang='lat' dir='ltr'>ali-</span> 
     </span>
     <span class='ocr_line' id='line_1_4' title="bbox 377 698 1100 788; baseline 0 -26"><span class='ocrx_word' id='word_1_15' title='bbox 377 716 680 780; x_wconf 86' lang='lat' dir='ltr'>orumque</span> <span class='ocrx_word' id='word_1_16' title='bbox 722 698 1100 788; x_wconf 75' lang='lat' dir='ltr'>populorum</span> 
     </span>
    </p>

    <p class='ocr_par' dir='ltr' id='par_1_4' title="bbox 291 815 1504 1018">
     <span class='ocr_line' id='line_1_5' title="bbox 291 815 1504 898; baseline 0.002 -17"><span class='ocrx_word' id='word_1_17' title='bbox 291 815 629 898; x_wconf 84' lang='lat' dir='ltr'>Eumenis,</span> <span class='ocrx_word' id='word_1_18' title='bbox 689 816 1080 898; x_wconf 87' lang='lat' dir='ltr'>Ariarathis,</span> <span class='ocrx_word' id='word_1_19' title='bbox 1153 816 1504 883; x_wconf 78' lang='lat' dir='ltr'><strong>Pharnacis</strong></span> 
     </span>
     <span class='ocr_line' id='line_1_6' title="bbox 376 932 1189 1018; baseline 0.001 -19"><span class='ocrx_word' id='word_1_20' title='bbox 376 932 772 1016; x_wconf 89' lang='lat' dir='ltr'>aliorumque</span> <span class='ocrx_word' id='word_1_21' title='bbox 814 934 1189 1018; x_wconf 89' lang='lat' dir='ltr'>populorum</span> 
     </span>
    </p>
   </div>
   <div class='ocr_carea' id='block_1_3' title="bbox 1527 578 1561 1017">
    <p class='ocr_par' dir='ltr' id='par_1_5' title="bbox 1527 578 1561 1017">
     <span class='ocr_line' id='line_1_7' title="bbox 1527 578 1561 1017; baseline 0 0"><span class='ocrx_word' id='word_1_22' title='bbox 1527 578 1561 1017; x_wconf 63' lang='lat' dir='ltr'>l</span> 
     </span>
    </p>
   </div>
   <div class='ocr_carea' id='block_1_4' title="bbox 1604 639 2665 961">
    <p class='ocr_par' dir='ltr' id='par_1_6' title="bbox 1604 639 2645 961">
     <span class='ocr_line' id='line_1_8' title="bbox 1606 639 2501 720; baseline 0 -16"><span class='ocrx_word' id='word_1_23' title='bbox 1606 659 1663 704; x_wconf 89' lang='lat' dir='ltr'>a.</span> <span class='ocrx_word' id='word_1_24' title='bbox 1714 642 1983 716; x_wconf 84' lang='grc'>5721182</span> <span class='ocrx_word' id='word_1_25' title='bbox 2029 639 2188 715; x_wconf 87' lang='lat' dir='ltr'>(Liv.</span> <span class='ocrx_word' id='word_1_26' title='bbox 2236 639 2375 720; x_wconf 89' lang='lat' dir='ltr'>XL,</span> <span class='ocrx_word' id='word_1_27' title='bbox 2422 645 2501 715; x_wconf 86' lang='lat'>2).</span> 
     </span>
     <span class='ocr_line' id='line_1_9' title="bbox 1604 875 2665 961; baseline 0.002 -20"><span class='ocrx_word' id='word_1_28' title='bbox 1604 895 1664 942; x_wconf 88' lang='lat' dir='ltr'>a.</span> <span class='ocrx_word' id='word_1_29' title='bbox 1712 877 1971 952; x_wconf 86' lang='grc'>5731181</span> <span class='ocrx_word' id='word_1_30' title='bbox 2028 875 2191 952; x_wconf 85' lang='lat' dir='ltr'>(Liv.</span> <span class='ocrx_word' id='word_1_31' title='bbox 2236 875 2377 950; x_wconf 92' lang='lat' dir='ltr'>XL,</span> <span class='ocrx_word' id='word_1_32' title='bbox 2429 880 2665 961; x_wconf 89' lang='lat' dir='ltr'>18sq..)</span> 
     </span>
    </p>
   </div>
   <div class='ocr_carea' id='block_1_5' title="bbox 291 1112 2674 1236">
    <p class='ocr_par' dir='ltr' id='par_1_7' title="bbox 291 1112 2674 1236">
     <span class='ocr_line' id='line_1_10' title="bbox 291 1112 2674 1236; baseline -0.027 3"><span class='ocrx_word' id='word_1_33' title='bbox 291 1170 662 1236; x_wconf 81' lang='lat' dir='ltr'>Latinorum</span> <span class='ocrx_word' id='word_1_34' title='bbox 1610 1131 1669 1176; x_wconf 89' lang='grc'>3·</span> <span class='ocrx_word' id='word_1_35' title='bbox 1718 1115 1987 1187; x_wconf 61' lang='grc'>5771177</span> <span class='ocrx_word' id='word_1_36' title='bbox 2034 1112 2196 1185; x_wconf 77' lang='lat' dir='ltr'>(Liv</span> <span class='ocrx_word' id='word_1_37' title='bbox 2243 1113 2415 1196; x_wconf 86' lang='lat' dir='ltr'>XLI,</span> <span class='ocrx_word' id='word_1_38' title='bbox 2463 1114 2674 1194; x_wconf 86' lang='lat'>6—8)</span> 
     </span>
    </p>
   </div>
   <div class='ocr_carea' id='block_1_6' title="bbox 291 1290 1501 1592">
    <p class='ocr_par' dir='ltr' id='par_1_8' title="bbox 291 1290 1501 1592">
     <span class='ocr_line' id='line_1_11' title="bbox 291 1290 1501 1360; baseline 0.002 -6"><span class='ocrx_word' id='word_1_39' title='bbox 291 1290 601 1356; x_wconf 82' lang='lat' dir='ltr'>Eumenis</span> <span class='ocrx_word' id='word_1_40' title='bbox 639 1297 704 1356; x_wconf 88' lang='lat' dir='ltr'>et</span> <span class='ocrx_word' id='word_1_41' title='bbox 745 1291 1085 1356; x_wconf 89' lang='lat' dir='ltr'>multarum</span> <span class='ocrx_word' id='word_1_42' title='bbox 1113 1292 1501 1360; x_wconf 80' lang='lat' dir='ltr'>Graecarum</span> 
     </span>
     <span class='ocr_line' id='line_1_12' title="bbox 375 1408 665 1491; baseline 0.003 -19"><span class='ocrx_word' id='word_1_43' title='bbox 375 1408 665 1491; x_wconf 83' lang='lat' dir='ltr'>gentium</span> 
     </span>
     <span class='ocr_line' id='line_1_13' title="bbox 291 1526 611 1592; baseline -0.003 -1"><span class='ocrx_word' id='word_1_44' title='bbox 291 1526 611 1592; x_wconf 86' lang='lat' dir='ltr'>Thracum</span> 
     </span>
    </p>
   </div>
   <div class='ocr_carea' id='block_1_7' title="bbox 2017 1350 2607 1434">
    <p class='ocr_par' dir='ltr' id='par_1_9' title="bbox 2017 1350 2607 1434">
     <span class='ocr_line' id='line_1_14' title="bbox 2017 1350 2607 1434; baseline -0.005 -14"><span class='ocrx_word' id='word_1_45' title='bbox 2017 1350 2180 1420; x_wconf 85' lang='lat' dir='ltr'>(Liv.</span> <span class='ocrx_word' id='word_1_46' title='bbox 2224 1351 2433 1434; x_wconf 86' lang='lat' dir='ltr'>XLII,</span> <span class='ocrx_word' id='word_1_47' title='bbox 2486 1356 2607 1431; x_wconf 85' lang='lat'>11).</span> 
     </span>
    </p>
   </div>
   <div class='ocr_carea' id='block_1_8' title="bbox 1605 1411 2608 1553">
    <p class='ocr_par' dir='ltr' id='par_1_10' title="bbox 1605 1411 2608 1553">
     <span class='ocr_line' id='line_1_15' title="bbox 1605 1411 2608 1553; baseline 0.003 -21"><span class='ocrx_word' id='word_1_48' title='bbox 1605 1429 1666 1474; x_wconf 63' lang='lat' dir='ltr'>a</span> <span class='ocrx_word' id='word_1_49' title='bbox 1699 1411 1970 1484; x_wconf 72' lang='lat' dir='ltr'>⁵8²s²⁷²</span> <span class='ocrx_word' id='word_1_50' title='bbox 2016 1468 2177 1547; x_wconf 66' lang='grc' dir='ltr'>(ων.</span> <span class='ocrx_word' id='word_1_51' title='bbox 2222 1470 2433 1553; x_wconf 84' lang='lat' dir='ltr'>XLII,</span> <span class='ocrx_word' id='word_1_52' title='bbox 2487 1474 2608 1548; x_wconf 86' lang='lat'>19).</span> 
     </span>
    </p>
   </div>
   <div class='ocr_carea' id='block_1_9' title="bbox 290 1644 2785 2322">
    <p class='ocr_par' dir='ltr' id='par_1_11' title="bbox 295 1644 1177 1732">
     <span class='ocr_line' id='line_1_16' title="bbox 295 1644 1177 1732; baseline 0.005 -23"><span class='ocrx_word' id='word_1_53' title='bbox 295 1644 646 1712; x_wconf 87' lang='lat' dir='ltr'>Ptolemaei</span> <span class='ocrx_word' id='word_1_54' title='bbox 691 1652 754 1712; x_wconf 91' lang='lat' dir='ltr'>et</span> <span class='ocrx_word' id='word_1_55' title='bbox 798 1646 1177 1732; x_wconf 81' lang='lat' dir='ltr'>Cleopatrae</span> 
     </span>
    </p>

    <p class='ocr_par' dir='ltr' id='par_1_12' title="bbox 293 1763 1486 2083">
     <span class='ocr_line' id='line_1_17' title="bbox 293 1763 1485 1849; baseline 0 -19"><span class='ocrx_word' id='word_1_56' title='bbox 293 1763 621 1848; x_wconf 77' lang='lat' dir='ltr'>Antiochi,</span> <span class='ocrx_word' id='word_1_57' title='bbox 688 1766 1039 1832; x_wconf 79' lang='lat' dir='ltr'><strong>Ptolemaei</strong></span> <span class='ocrx_word' id='word_1_58' title='bbox 1097 1772 1161 1832; x_wconf 89' lang='lat' dir='ltr'>et</span> <span class='ocrx_word' id='word_1_59' title='bbox 1218 1764 1485 1849; x_wconf 83' lang='lat' dir='ltr'>Cleopa-</span> 
     </span>
     <span class='ocr_line' id='line_1_18' title="bbox 377 1883 1486 1952; baseline 0.003 -5"><span class='ocrx_word' id='word_1_60' title='bbox 377 1889 514 1948; x_wconf 86' lang='lat' dir='ltr'>trae</span> <span class='ocrx_word' id='word_1_61' title='bbox 599 1890 662 1949; x_wconf 86' lang='lat' dir='ltr'>et</span> <span class='ocrx_word' id='word_1_62' title='bbox 746 1885 1085 1950; x_wconf 88' lang='lat' dir='ltr'>multarum</span> <span class='ocrx_word' id='word_1_63' title='bbox 1175 1883 1486 1952; x_wconf 78' lang='lat' dir='ltr'>Graeciae</span> 
     </span>
     <span class='ocr_line' id='line_1_19' title="bbox 376 2001 660 2083; baseline 0 -17"><span class='ocrx_word' id='word_1_64' title='bbox 376 2001 660 2083; x_wconf 86' lang='lat' dir='ltr'>gentium</span> 
     </span>
    </p>

    <p class='ocr_par' dir='ltr' id='par_1_13' title="bbox 290 2117 2785 2204">
     <span class='ocr_line' id='line_1_20' title="bbox 290 2117 2785 2204; baseline 0.004 -21"><span class='ocrx_word' id='word_1_65' title='bbox 290 2117 790 2195; x_wconf 77' lang='lat' dir='ltr'>Prienensium²J</span> <span class='ocrx_word' id='word_1_66' title='bbox 1604 2123 1958 2197; x_wconf 72' lang='grc'>9..6191135</span> <span class='ocrx_word' id='word_1_67' title='bbox 1980 2118 2071 2199; x_wconf 84' lang='lat' dir='ltr'>(O</span> <span class='ocrx_word' id='word_1_68' title='bbox 2095 2121 2146 2186; x_wconf 96' lang='grc' dir='ltr'>Ι.</span> <span class='ocrx_word' id='word_1_69' title='bbox 2172 2119 2283 2186; x_wconf 77' lang='lat' dir='ltr'>Gr.</span> <span class='ocrx_word' id='word_1_70' title='bbox 2305 2127 2349 2186; x_wconf 84' lang='lat' dir='ltr'>t.</span> <span class='ocrx_word' id='word_1_71' title='bbox 2372 2122 2459 2204; x_wconf 91' lang='lat' dir='ltr'>II,</span> <span class='ocrx_word' id='word_1_72' title='bbox 2483 2143 2543 2186; x_wconf 90' lang='lat' dir='ltr'>n.</span> <span class='ocrx_word' id='word_1_73' title='bbox 2571 2125 2785 2199; x_wconf 84' lang='lat'>2905).</span> 
     </span>
    </p>

    <p class='ocr_par' dir='ltr' id='par_1_14' title="bbox 292 2237 2577 2322">
     <span class='ocr_line' id='line_1_21' title="bbox 292 2237 2577 2322; baseline 0.001 -19"><span class='ocrx_word' id='word_1_74' title='bbox 292 2238 640 2320; x_wconf 83' lang='lat' dir='ltr'>Iugurthae</span> <span class='ocrx_word' id='word_1_75' title='bbox 1614 2258 1672 2303; x_wconf 87' lang='lat' dir='ltr'>a.</span> <span class='ocrx_word' id='word_1_76' title='bbox 1723 2239 1989 2318; x_wconf 89' lang='grc'>6431111</span> <span class='ocrx_word' id='word_1_77' title='bbox 2042 2237 2225 2317; x_wconf 86' lang='lat' dir='ltr'>(Sall.</span> <span class='ocrx_word' id='word_1_78' title='bbox 2272 2238 2408 2322; x_wconf 82' lang='lat' dir='ltr'>Ing.</span> <span class='ocrx_word' id='word_1_79' title='bbox 2455 2244 2577 2318; x_wconf 84' lang='lat'>28).</span> 
     </span>
    </p>
   </div>
   <div class='ocr_carea' id='block_1_10' title="bbox 1609 1647 2644 1731">
    <p class='ocr_par' dir='ltr' id='par_1_15' title="bbox 1609 1647 2644 1731">
     <span class='ocr_line' id='line_1_22' title="bbox 1609 1647 2644 1731; baseline 0.001 -19"><span class='ocrx_word' id='word_1_80' title='bbox 1609 1665 1668 1712; x_wconf 83' lang='lat' dir='ltr'>a.</span> <span class='ocrx_word' id='word_1_81' title='bbox 1718 1647 1987 1721; x_wconf 76' lang='grc'>5861168</span> <span class='ocrx_word' id='word_1_82' title='bbox 2034 1647 2473 1731; x_wconf 79' lang='lat' dir='ltr'>(Liv.xL1v‚</span> <span class='ocrx_word' id='word_1_83' title='bbox 2525 1653 2644 1728; x_wconf 85' lang='lat'>19).</span> 
     </span>
    </p>
   </div>
   <div class='ocr_carea' id='block_1_11' title="bbox 1609 1883 2782 1968">
    <p class='ocr_par' dir='ltr' id='par_1_16' title="bbox 1609 1883 2782 1968">
     <span class='ocr_line' id='line_1_23' title="bbox 1609 1883 2782 1968; baseline 0.004 -20"><span class='ocrx_word' id='word_1_84' title='bbox 1609 1903 1668 1948; x_wconf 88' lang='lat' dir='ltr'>a.</span> <span class='ocrx_word' id='word_1_85' title='bbox 1717 1886 1987 1960; x_wconf 88' lang='grc'>5871167</span> <span class='ocrx_word' id='word_1_86' title='bbox 2034 1883 2197 1963; x_wconf 83' lang='lat' dir='ltr'>(Liv.</span> <span class='ocrx_word' id='word_1_87' title='bbox 2243 1883 2437 1968; x_wconf 90' lang='lat' dir='ltr'>XLV,</span> <span class='ocrx_word' id='word_1_88' title='bbox 2491 1889 2648 1951; x_wconf 90' lang='lat'>13-</span> <span class='ocrx_word' id='word_1_89' title='bbox 2662 1890 2782 1968; x_wconf 89' lang='grc'>17).</span> 
     </span>
    </p>
   </div>
   <div class='ocr_carea' id='block_1_12' title="bbox 295 2404 2788 2600">
    <p class='ocr_par' dir='ltr' id='par_1_17' title="bbox 295 2404 2788 2600">
     <span class='ocr_line' id='line_1_24' title="bbox 465 2404 2788 2490; baseline 0.001 -20"><span class='ocrx_word' id='word_1_90' title='bbox 465 2410 524 2474; x_wconf 90' lang='grc'>2.</span> <span class='ocrx_word' id='word_1_91' title='bbox 569 2406 1001 2490; x_wconf 73' lang='lat' dir='ltr'>Postquam</span> <span class='ocrx_word' id='word_1_92' title='bbox 1061 2404 1339 2469; x_wconf 77' lang='lat' dir='ltr'>consules</span> <span class='ocrx_word' id='word_1_93' title='bbox 1394 2407 1459 2468; x_wconf 76' lang='lat' dir='ltr'>in</span> <span class='ocrx_word' id='word_1_94' title='bbox 1503 2405 1869 2490; x_wconf 77' lang='lat' dir='ltr'>provincias</span> <span class='ocrx_word' id='word_1_95' title='bbox 1918 2405 2205 2489; x_wconf 63' lang='lat' dir='ltr'>profecti</span> <span class='ocrx_word' id='word_1_96' title='bbox 2253 2418 2428 2482; x_wconf 73' lang='lat' dir='ltr'>sunt,</span> <span class='ocrx_word' id='word_1_97' title='bbox 2485 2419 2788 2473; x_wconf 80' lang='lat' dir='ltr'>venerunt</span> 
     </span>
     <span class='ocr_line' id='line_1_25' title="bbox 295 2516 523 2600; baseline -0.004 -22"><span class='ocrx_word' id='word_1_98' title='bbox 295 2516 523 2600; x_wconf 73' lang='lat' dir='ltr'>leqati:</span> 
     </span>
    </p>
   </div>
   <div class='ocr_carea' id='block_1_13' title="bbox 293 2634 2783 3076">
    <p class='ocr_par' dir='ltr' id='par_1_18' title="bbox 293 2634 2783 3076">
     <span class='ocr_line' id='line_1_26' title="bbox 293 2634 2633 2720; baseline -0 -18"><span class='ocrx_word' id='word_1_99' title='bbox 293 2634 861 2720; x_wconf 80' lang='lat' dir='ltr'>Neapolitanorum</span> <span class='ocrx_word' id='word_1_100' title='bbox 1605 2654 1663 2700; x_wconf 82' lang='lat' dir='ltr'>a.</span> <span class='ocrx_word' id='word_1_101' title='bbox 1714 2637 1986 2712; x_wconf 88' lang='grc'>5381216</span> <span class='ocrx_word' id='word_1_102' title='bbox 2032 2634 2196 2715; x_wconf 86' lang='lat' dir='ltr'>(Liv.</span> <span class='ocrx_word' id='word_1_103' title='bbox 2240 2635 2458 2720; x_wconf 92' lang='lat' dir='ltr'>XXII,</span> <span class='ocrx_word' id='word_1_104' title='bbox 2508 2640 2633 2715; x_wconf 84' lang='lat'>32).</span> 
     </span>
     <span class='ocr_line' id='line_1_27' title="bbox 294 2753 2633 2835; baseline 0 -14"><span class='ocrx_word' id='word_1_105' title='bbox 294 2754 621 2821; x_wconf 90' lang='lat' dir='ltr'>Sociarum</span> <span class='ocrx_word' id='word_1_106' title='bbox 667 2753 976 2821; x_wconf 74' lang='lat' dir='ltr'>Graeciae</span> <span class='ocrx_word' id='word_1_107' title='bbox 1017 2754 1269 2819; x_wconf 89' lang='lat' dir='ltr'>urbium</span> <span class='ocrx_word' id='word_1_108' title='bbox 1615 2773 1676 2819; x_wconf 88' lang='lat' dir='ltr'>a.</span> <span class='ocrx_word' id='word_1_109' title='bbox 1724 2755 1995 2825; x_wconf 90' lang='grc'>5511203</span> <span class='ocrx_word' id='word_1_110' title='bbox 2041 2754 2205 2831; x_wconf 86' lang='lat' dir='ltr'>(Liv.</span> <span class='ocrx_word' id='word_1_111' title='bbox 2248 2754 2466 2835; x_wconf 87' lang='lat' dir='ltr'>XXX,</span> <span class='ocrx_word' id='word_1_112' title='bbox 2512 2759 2633 2833; x_wconf 87' lang='grc'>26).</span> 
     </span>
     <span class='ocr_line' id='line_1_28' title="bbox 297 2870 2783 2957; baseline 0.002 -18"><span class='ocrx_word' id='word_1_113' title='bbox 297 2870 817 2939; x_wconf 81' lang='lat' dir='ltr'>Cremonensium</span> <span class='ocrx_word' id='word_1_114' title='bbox 863 2878 928 2939; x_wconf 88' lang='lat' dir='ltr'>et</span> <span class='ocrx_word' id='word_1_115' title='bbox 970 2872 1480 2939; x_wconf 77' lang='lat' dir='ltr'>Placentinorum</span> <span class='ocrx_word' id='word_1_116' title='bbox 1623 2892 1683 2939; x_wconf 86' lang='lat' dir='ltr'>a.</span> <span class='ocrx_word' id='word_1_117' title='bbox 1732 2872 2002 2955; x_wconf 91' lang='grc'>5641190</span> <span class='ocrx_word' id='word_1_118' title='bbox 2047 2872 2209 2951; x_wconf 88' lang='lat' dir='ltr'>(Liv.</span> <span class='ocrx_word' id='word_1_119' title='bbox 2253 2874 2611 2957; x_wconf 91' lang='lat' dir='ltr'>XXXVII,</span> <span class='ocrx_word' id='word_1_120' title='bbox 2658 2881 2783 2948; x_wconf 86' lang='lat'>46).</span> 
     </span>
     <span class='ocr_line' id='line_1_29' title="bbox 294 2991 2614 3076; baseline 0.001 -20"><span class='ocrx_word' id='word_1_121' title='bbox 294 2991 631 3076; x_wconf 83' lang='lat' dir='ltr'>Lyciorum</span> <span class='ocrx_word' id='word_1_122' title='bbox 1615 3012 1674 3057; x_wconf 92' lang='lat' dir='ltr'>a.</span> <span class='ocrx_word' id='word_1_123' title='bbox 1723 2994 1990 3069; x_wconf 87' lang='grc'>5771177</span> <span class='ocrx_word' id='word_1_124' title='bbox 2039 2992 2198 3069; x_wconf 90' lang='lat' dir='ltr'>(Pol.</span> <span class='ocrx_word' id='word_1_125' title='bbox 2242 2992 2482 3074; x_wconf 90' lang='lat' dir='ltr'>XXVI,</span> <span class='ocrx_word' id='word_1_126' title='bbox 2531 2999 2614 3071; x_wconf 89' lang='lat'>7).</span> 
     </span>
    </p>
   </div>
   <div class='ocr_carea' id='block_1_14' title="bbox 290 3256 2788 4710">
    <p class='ocr_par' dir='ltr' id='par_1_19' title="bbox 290 3256 2788 4710">
     <span class='ocr_line' id='line_1_30' title="bbox 438 3256 2783 3328; baseline 0.002 -15"><span class='ocrx_word' id='word_1_127' title='bbox 438 3263 486 3326; x_wconf 91' lang='lat'>1)</span> <span class='ocrx_word' id='word_1_128' title='bbox 519 3258 841 3328; x_wconf 83' lang='lat' dir='ltr'>Priusquam</span> <span class='ocrx_word' id='word_1_129' title='bbox 875 3257 1124 3315; x_wconf 85' lang='lat' dir='ltr'>consules</span> <span class='ocrx_word' id='word_1_130' title='bbox 1158 3256 1216 3311; x_wconf 91' lang='lat' dir='ltr'>in</span> <span class='ocrx_word' id='word_1_131' title='bbox 1248 3256 1554 3326; x_wconf 83' lang='lat' dir='ltr'>provincias</span> <span class='ocrx_word' id='word_1_132' title='bbox 1589 3257 2030 3327; x_wconf 83' lang='lat' dir='ltr'>proficiscuntur,</span> <span class='ocrx_word' id='word_1_133' title='bbox 2063 3257 2358 3327; x_wconf 79' lang='lat' dir='ltr'>legationes</span> <span class='ocrx_word' id='word_1_134' title='bbox 2394 3261 2783 3317; x_wconf 80' lang='lat' dir='ltr'>transmarinas</span> 
     </span>
     <span class='ocr_line' id='line_1_31' title="bbox 295 3348 2786 3421; baseline 0 -14"><span class='ocrx_word' id='word_1_135' title='bbox 295 3351 356 3407; x_wconf 88' lang='lat' dir='ltr'>in</span> <span class='ocrx_word' id='word_1_136' title='bbox 391 3358 633 3408; x_wconf 87' lang='lat' dir='ltr'>senatum</span> <span class='ocrx_word' id='word_1_137' title='bbox 667 3352 1085 3406; x_wconf 84' lang='lat' dir='ltr'>introduxerunt</span> <span class='ocrx_word' id='word_1_138' title='bbox 1120 3350 1241 3406; x_wconf 86' lang='lat' dir='ltr'>coll.</span> <span class='ocrx_word' id='word_1_139' title='bbox 1277 3349 1393 3404; x_wconf 76' lang='lat' dir='ltr'>Liv.</span> <span class='ocrx_word' id='word_1_140' title='bbox 1428 3350 1547 3419; x_wconf 90' lang='lat' dir='ltr'>XL,</span> <span class='ocrx_word' id='word_1_141' title='bbox 1583 3354 1735 3405; x_wconf 87' lang='grc'>2.19.</span> <span class='ocrx_word' id='word_1_142' title='bbox 1874 3354 1926 3417; x_wconf 87' lang='grc'>2)</span> <span class='ocrx_word' id='word_1_143' title='bbox 1959 3349 2067 3419; x_wconf 82' lang='grc' dir='ltr'>πρὸ</span> <span class='ocrx_word' id='word_1_144' title='bbox 2106 3348 2327 3421; x_wconf 74' lang='grc' dir='ltr'><em>ἡμερῶν</em></span> <span class='ocrx_word' id='word_1_145' title='bbox 2358 3352 2517 3405; x_wconf 78' lang='grc' dir='ltr'><em>πέντε</em></span> <span class='ocrx_word' id='word_1_146' title='bbox 2544 3351 2786 3407; x_wconf 75' lang='grc' dir='ltr'>Εἶδυιῶν</span> 
     </span>
     <span class='ocr_line' id='line_1_32' title="bbox 300 3443 2783 3515; baseline 0.002 -18"><span class='ocrx_word' id='word_1_147' title='bbox 300 3444 656 3515; x_wconf 79' lang='grc' dir='ltr'><strong><em>Φεβροαρίων</em></strong></span> <span class='ocrx_word' id='word_1_148' title='bbox 691 3444 759 3499; x_wconf 85' lang='lat' dir='ltr'>ef.</span> <span class='ocrx_word' id='word_1_149' title='bbox 785 3462 837 3514; x_wconf 90' lang='lat' dir='ltr'>p.</span> <span class='ocrx_word' id='word_1_150' title='bbox 857 3449 922 3499; x_wconf 83' lang='grc'>26</span> <span class='ocrx_word' id='word_1_151' title='bbox 941 3443 1066 3498; x_wconf 83' lang='lat' dir='ltr'>adn.</span> <span class='ocrx_word' id='word_1_152' title='bbox 1083 3448 1133 3497; x_wconf 87' lang='lat'>4.</span> <span class='ocrx_word' id='word_1_153' title='bbox 1166 3444 1386 3498; x_wconf 89' lang='lat' dir='ltr'>Annum</span> <span class='ocrx_word' id='word_1_154' title='bbox 1419 3457 1544 3498; x_wconf 85' lang='lat' dir='ltr'>vero</span> <span class='ocrx_word' id='word_1_155' title='bbox 1575 3458 1610 3498; x_wconf 81' lang='lat' dir='ltr'>a</span> <span class='ocrx_word' id='word_1_156' title='bbox 1634 3443 1911 3500; x_wconf 89' lang='lat' dir='ltr'>Boeckhio</span> <span class='ocrx_word' id='word_1_157' title='bbox 1947 3443 2305 3513; x_wconf 77' lang='lat' dir='ltr'>significatum</span> <span class='ocrx_word' id='word_1_158' title='bbox 2336 3447 2485 3499; x_wconf 87' lang='lat' dir='ltr'>recte</span> <span class='ocrx_word' id='word_1_159' title='bbox 2520 3448 2783 3503; x_wconf 88' lang='lat' dir='ltr'>constitu-</span> 
     </span>
     <span class='ocr_line' id='line_1_33' title="bbox 297 3534 2783 3611; baseline 0.001 -18"><span class='ocrx_word' id='word_1_160' title='bbox 297 3542 413 3593; x_wconf 88' lang='lat' dir='ltr'>tum</span> <span class='ocrx_word' id='word_1_161' title='bbox 438 3553 556 3594; x_wconf 88' lang='lat' dir='ltr'>esse</span> <span class='ocrx_word' id='word_1_162' title='bbox 591 3554 700 3593; x_wconf 91' lang='lat' dir='ltr'>non</span> <span class='ocrx_word' id='word_1_163' title='bbox 734 3551 897 3607; x_wconf 86' lang='lat' dir='ltr'>posse</span> <span class='ocrx_word' id='word_1_164' title='bbox 929 3539 1159 3606; x_wconf 79' lang='lat' dir='ltr'>apparet</span> <span class='ocrx_word' id='word_1_165' title='bbox 1191 3552 1224 3592; x_wconf 90' lang='lat' dir='ltr'>e</span> <span class='ocrx_word' id='word_1_166' title='bbox 1255 3534 1663 3592; x_wconf 86' lang='lat' dir='ltr'>Mendelssohni</span> <span class='ocrx_word' id='word_1_167' title='bbox 1696 3536 2063 3606; x_wconf 81' lang='lat' dir='ltr'>disputatione</span> <span class='ocrx_word' id='word_1_168' title='bbox 2097 3536 2165 3592; x_wconf 91' lang='lat' dir='ltr'>de</span> <span class='ocrx_word' id='word_1_169' title='bbox 2197 3536 2305 3591; x_wconf 90' lang='lat' dir='ltr'>Ios.</span> <span class='ocrx_word' id='word_1_170' title='bbox 2325 3538 2391 3593; x_wconf 89' lang='lat' dir='ltr'>A.</span> <span class='ocrx_word' id='word_1_171' title='bbox 2418 3538 2461 3592; x_wconf 93' lang='lat' dir='ltr'>I.</span> <span class='ocrx_word' id='word_1_172' title='bbox 2486 3539 2630 3606; x_wconf 90' lang='lat' dir='ltr'>XIV,</span> <span class='ocrx_word' id='word_1_173' title='bbox 2668 3546 2717 3611; x_wconf 82' lang='lat'>8,</span> <span class='ocrx_word' id='word_1_174' title='bbox 2754 3546 2783 3594; x_wconf 86' lang='grc'>5</span> 
     </span>
     <span class='ocr_line' id='line_1_34' title="bbox 297 3628 2787 3704; baseline 0 -18"><span class='ocrx_word' id='word_1_175' title='bbox 297 3636 364 3698; x_wconf 81' lang='lat' dir='ltr'>(v.</span> <span class='ocrx_word' id='word_1_176' title='bbox 400 3631 712 3687; x_wconf 83' lang='lat' dir='ltr'>Ritschelii:</span> <span class='ocrx_word' id='word_1_177' title='bbox 749 3635 872 3685; x_wconf 77' lang='lat' dir='ltr'>acta</span> <span class='ocrx_word' id='word_1_178' title='bbox 904 3644 1014 3685; x_wconf 90' lang='lat' dir='ltr'>soc.</span> <span class='ocrx_word' id='word_1_179' title='bbox 1049 3628 1179 3698; x_wconf 89' lang='lat' dir='ltr'>phil.</span> <span class='ocrx_word' id='word_1_180' title='bbox 1218 3628 1364 3699; x_wconf 89' lang='lat' dir='ltr'>Lips.</span> <span class='ocrx_word' id='word_1_181' title='bbox 1387 3629 1454 3697; x_wconf 89' lang='lat' dir='ltr'>V,</span> <span class='ocrx_word' id='word_1_182' title='bbox 1490 3646 1543 3699; x_wconf 90' lang='lat' dir='ltr'>p.</span> <span class='ocrx_word' id='word_1_183' title='bbox 1567 3634 1661 3686; x_wconf 88' lang='grc'>116</span> <span class='ocrx_word' id='word_1_184' title='bbox 1680 3635 1801 3699; x_wconf 87' lang='lat' dir='ltr'>sq.).</span> <span class='ocrx_word' id='word_1_185' title='bbox 1871 3630 2010 3704; x_wconf 83' lang='lat' dir='ltr'>Cum</span> <span class='ocrx_word' id='word_1_186' title='bbox 2040 3630 2182 3686; x_wconf 90' lang='lat' dir='ltr'>enim</span> <span class='ocrx_word' id='word_1_187' title='bbox 2214 3646 2361 3685; x_wconf 89' lang='lat' dir='ltr'>nunc</span> <span class='ocrx_word' id='word_1_188' title='bbox 2397 3636 2610 3689; x_wconf 88' lang='lat' dir='ltr'>constet</span> <span class='ocrx_word' id='word_1_189' title='bbox 2642 3638 2787 3698; x_wconf 84' lang='lat' dir='ltr'>[nam</span> 
     </span>
     <span class='ocr_line' id='line_1_35' title="bbox 296 3720 2785 3796; baseline -0.002 -13"><span class='ocrx_word' id='word_1_190' title='bbox 296 3740 436 3796; x_wconf 86' lang='lat' dir='ltr'>quae</span> <span class='ocrx_word' id='word_1_191' title='bbox 477 3724 844 3781; x_wconf 83' lang='lat' dir='ltr'>Mommsenus</span> <span class='ocrx_word' id='word_1_192' title='bbox 892 3728 1082 3779; x_wconf 82' lang='lat' dir='ltr'>contra</span> <span class='ocrx_word' id='word_1_193' title='bbox 1125 3720 1482 3777; x_wconf 83' lang='lat' dir='ltr'>Ritschelium</span> <span class='ocrx_word' id='word_1_194' title='bbox 1523 3728 1582 3777; x_wconf 87' lang='lat' dir='ltr'>et</span> <span class='ocrx_word' id='word_1_195' title='bbox 1625 3721 2123 3779; x_wconf 85' lang='lat' dir='ltr'>Mendelssohnium</span> <span class='ocrx_word' id='word_1_196' title='bbox 2166 3723 2225 3779; x_wconf 89' lang='lat' dir='ltr'>in</span> <span class='ocrx_word' id='word_1_197' title='bbox 2263 3724 2493 3779; x_wconf 81' lang='lat' dir='ltr'>Hermae</span> <span class='ocrx_word' id='word_1_198' title='bbox 2537 3724 2641 3779; x_wconf 86' lang='lat' dir='ltr'>vol.</span> <span class='ocrx_word' id='word_1_199' title='bbox 2686 3724 2785 3790; x_wconf 91' lang='lat' dir='ltr'>IX,</span> 
     </span>
     <span class='ocr_line' id='line_1_36' title="bbox 293 3814 2785 3889; baseline -0 -16"><span class='ocrx_word' id='word_1_200' title='bbox 293 3836 352 3889; x_wconf 88' lang='lat' dir='ltr'>p.</span> <span class='ocrx_word' id='word_1_201' title='bbox 392 3822 486 3873; x_wconf 88' lang='grc'>281</span> <span class='ocrx_word' id='word_1_202' title='bbox 512 3834 590 3887; x_wconf 88' lang='lat' dir='ltr'>sq.</span> <span class='ocrx_word' id='word_1_203' title='bbox 625 3817 812 3873; x_wconf 88' lang='lat' dir='ltr'>attulit</span> <span class='ocrx_word' id='word_1_204' title='bbox 845 3817 915 3872; x_wconf 81' lang='lat' dir='ltr'>ab</span> <span class='ocrx_word' id='word_1_205' title='bbox 949 3816 1139 3872; x_wconf 88' lang='lat' dir='ltr'>iisdem</span> <span class='ocrx_word' id='word_1_206' title='bbox 1171 3815 1299 3871; x_wconf 85' lang='lat' dir='ltr'>viris</span> <span class='ocrx_word' id='word_1_207' title='bbox 1334 3814 1508 3871; x_wconf 88' lang='lat' dir='ltr'>doctis</span> <span class='ocrx_word' id='word_1_208' title='bbox 1543 3814 1783 3870; x_wconf 80' lang='lat' dir='ltr'>refutata</span> <span class='ocrx_word' id='word_1_209' title='bbox 1816 3831 1937 3871; x_wconf 88' lang='lat' dir='ltr'>esse</span> <span class='ocrx_word' id='word_1_210' title='bbox 1968 3816 2099 3871; x_wconf 89' lang='lat' dir='ltr'>mihi</span> <span class='ocrx_word' id='word_1_211' title='bbox 2130 3815 2379 3872; x_wconf 85' lang='lat' dir='ltr'>videntur</span> <span class='ocrx_word' id='word_1_212' title='bbox 2414 3816 2575 3883; x_wconf 84' lang='lat' dir='ltr'>(Mus.</span> <span class='ocrx_word' id='word_1_213' title='bbox 2610 3816 2785 3872; x_wconf 86' lang='lat' dir='ltr'>Rhen.</span> 
     </span>
     <span class='ocr_line' id='line_1_37' title="bbox 295 3906 2787 3980; baseline -0.001 -13"><span class='ocrx_word' id='word_1_214' title='bbox 295 3911 472 3980; x_wconf 90' lang='lat' dir='ltr'>XXX,</span> <span class='ocrx_word' id='word_1_215' title='bbox 508 3915 606 3966; x_wconf 90' lang='grc'>419</span> <span class='ocrx_word' id='word_1_216' title='bbox 642 3910 778 3980; x_wconf 88' lang='lat' dir='ltr'>sq.)].</span> <span class='ocrx_word' id='word_1_217' title='bbox 813 3924 860 3965; x_wconf 87' lang='lat' dir='ltr'>a.</span> <span class='ocrx_word' id='word_1_218' title='bbox 891 3910 1110 3979; x_wconf 88' lang='grc'>6151139</span> <span class='ocrx_word' id='word_1_219' title='bbox 1145 3908 1314 3964; x_wconf 84' lang='lat' dir='ltr'>fuisse</span> <span class='ocrx_word' id='word_1_220' title='bbox 1347 3908 1412 3963; x_wconf 90' lang='lat' dir='ltr'>L.</span> <span class='ocrx_word' id='word_1_221' title='bbox 1431 3906 1707 3965; x_wconf 81' lang='lat' dir='ltr'>Valerium</span> <span class='ocrx_word' id='word_1_222' title='bbox 1741 3908 1808 3963; x_wconf 90' lang='lat' dir='ltr'>L.</span> <span class='ocrx_word' id='word_1_223' title='bbox 1839 3908 1879 3963; x_wconf 80' lang='lat' dir='ltr'>f.</span> <span class='ocrx_word' id='word_1_224' title='bbox 1916 3913 2221 3978; x_wconf 83' lang='lat' dir='ltr'>praetorem</span> <span class='ocrx_word' id='word_1_225' title='bbox 2264 3909 2532 3965; x_wconf 86' lang='lat' dir='ltr'>urbanum</span> <span class='ocrx_word' id='word_1_226' title='bbox 2568 3910 2787 3979; x_wconf 86' lang='lat' dir='ltr'>eiusque</span> 
     </span>
     <span class='ocr_line' id='line_1_38' title="bbox 299 4001 2786 4073; baseline -0.001 -13"><span class='ocrx_word' id='word_1_227' title='bbox 299 4004 559 4073; x_wconf 81' lang='lat' dir='ltr'>collegam</span> <span class='ocrx_word' id='word_1_228' title='bbox 595 4002 690 4058; x_wconf 86' lang='lat' dir='ltr'>Cn.</span> <span class='ocrx_word' id='word_1_229' title='bbox 728 4002 1034 4059; x_wconf 89' lang='lat' dir='ltr'>Cornelium</span> <span class='ocrx_word' id='word_1_230' title='bbox 1068 4002 1370 4073; x_wconf 82' lang='lat' dir='ltr'>Hispallum</span> <span class='ocrx_word' id='word_1_231' title='bbox 1384 4042 1399 4068; x_wconf 94' lang='lat'>,</span> <span class='ocrx_word' id='word_1_232' title='bbox 1453 4002 1638 4058; x_wconf 90' lang='lat' dir='ltr'>eodem</span> <span class='ocrx_word' id='word_1_233' title='bbox 1683 4016 1827 4057; x_wconf 83' lang='lat' dir='ltr'>anno</span> <span class='ocrx_word' id='word_1_234' title='bbox 1876 4002 2091 4057; x_wconf 81' lang='lat' dir='ltr'>Servius</span> <span class='ocrx_word' id='word_1_235' title='bbox 2136 4001 2359 4057; x_wconf 86' lang='lat' dir='ltr'>Fulvius</span> <span class='ocrx_word' id='word_1_236' title='bbox 2408 4001 2593 4070; x_wconf 77' lang='lat' dir='ltr'>Quinti</span> <span class='ocrx_word' id='word_1_237' title='bbox 2640 4002 2786 4058; x_wconf 89' lang='lat' dir='ltr'>filius</span> 
     </span>
     <span class='ocr_line' id='line_1_39' title="bbox 294 4092 2785 4165; baseline -0.002 -12"><span class='ocrx_word' id='word_1_238' title='bbox 294 4096 376 4164; x_wconf 86' lang='lat' dir='ltr'>(G.</span> <span class='ocrx_word' id='word_1_239' title='bbox 413 4095 457 4151; x_wconf 94' lang='lat'>1.</span> <span class='ocrx_word' id='word_1_240' title='bbox 496 4096 590 4151; x_wconf 86' lang='lat' dir='ltr'>Gr.</span> <span class='ocrx_word' id='word_1_241' title='bbox 625 4096 712 4162; x_wconf 90' lang='lat'>11,</span> <span class='ocrx_word' id='word_1_242' title='bbox 758 4112 812 4151; x_wconf 92' lang='lat' dir='ltr'>n.</span> <span class='ocrx_word' id='word_1_243' title='bbox 849 4100 981 4151; x_wconf 85' lang='grc'>2905</span> <span class='ocrx_word' id='word_1_244' title='bbox 1018 4095 1115 4162; x_wconf 84' lang='grc' dir='ltr'>ΠΙ,</span> <span class='ocrx_word' id='word_1_245' title='bbox 1155 4098 1204 4162; x_wconf 92' lang='grc'>1)</span> <span class='ocrx_word' id='word_1_246' title='bbox 1257 4093 1565 4165; x_wconf 74' lang='grc' dir='ltr'><em>στρατηγὸς</em></span> <span class='ocrx_word' id='word_1_247' title='bbox 1613 4109 1735 4151; x_wconf 88' lang='lat' dir='ltr'>esse</span> <span class='ocrx_word' id='word_1_248' title='bbox 1785 4109 1895 4149; x_wconf 89' lang='lat' dir='ltr'>non</span> <span class='ocrx_word' id='word_1_249' title='bbox 1944 4092 2139 4164; x_wconf 86' lang='lat' dir='ltr'>potuit.</span> <span class='ocrx_word' id='word_1_250' title='bbox 2220 4092 2356 4150; x_wconf 86' lang='lat' dir='ltr'>Cum</span> <span class='ocrx_word' id='word_1_251' title='bbox 2398 4109 2525 4150; x_wconf 85' lang='lat' dir='ltr'>vero</span> <span class='ocrx_word' id='word_1_252' title='bbox 2559 4094 2785 4151; x_wconf 80' lang='lat' dir='ltr'>Fulvius</span> 
     </span>
     <span class='ocr_line' id='line_1_40' title="bbox 298 4186 2785 4259; baseline -0.001 -13"><span class='ocrx_word' id='word_1_253' title='bbox 298 4188 492 4246; x_wconf 86' lang='lat' dir='ltr'>consul</span> <span class='ocrx_word' id='word_1_254' title='bbox 526 4194 671 4244; x_wconf 85' lang='lat' dir='ltr'>esset</span> <span class='ocrx_word' id='word_1_255' title='bbox 713 4204 761 4243; x_wconf 85' lang='lat' dir='ltr'>a.</span> <span class='ocrx_word' id='word_1_256' title='bbox 800 4189 1048 4259; x_wconf 83' lang='lat' dir='ltr'>619l135,</span> <span class='ocrx_word' id='word_1_257' title='bbox 1095 4202 1146 4243; x_wconf 84' lang='lat' dir='ltr'>a.</span> <span class='ocrx_word' id='word_1_258' title='bbox 1183 4189 1405 4258; x_wconf 83' lang='grc'>6161138</span> <span class='ocrx_word' id='word_1_259' title='bbox 1452 4191 1669 4257; x_wconf 81' lang='lat' dir='ltr'>praetor</span> <span class='ocrx_word' id='word_1_260' title='bbox 1711 4186 1882 4243; x_wconf 85' lang='lat' dir='ltr'>fuisse</span> <span class='ocrx_word' id='word_1_261' title='bbox 1924 4188 2133 4244; x_wconf 84' lang='lat' dir='ltr'>videtur</span> <span class='ocrx_word' id='word_1_262' title='bbox 2180 4202 2353 4257; x_wconf 86' lang='lat' dir='ltr'>eoque</span> <span class='ocrx_word' id='word_1_263' title='bbox 2386 4202 2531 4244; x_wconf 82' lang='lat' dir='ltr'>anno</span> <span class='ocrx_word' id='word_1_264' title='bbox 2567 4188 2633 4243; x_wconf 89' lang='lat' dir='ltr'>de</span> <span class='ocrx_word' id='word_1_265' title='bbox 2666 4188 2785 4243; x_wconf 89' lang='lat' dir='ltr'>Pri-</span> 
     </span>
     <span class='ocr_line' id='line_1_41' title="bbox 295 4279 2788 4351; baseline -0.001 -12"><span class='ocrx_word' id='word_1_266' title='bbox 295 4282 587 4339; x_wconf 85' lang='lat' dir='ltr'>enensibus</span> <span class='ocrx_word' id='word_1_267' title='bbox 631 4296 753 4337; x_wconf 90' lang='lat' dir='ltr'>cum</span> <span class='ocrx_word' id='word_1_268' title='bbox 799 4285 992 4337; x_wconf 85' lang='lat' dir='ltr'>senatu</span> <span class='ocrx_word' id='word_1_269' title='bbox 1039 4282 1225 4350; x_wconf 75' lang='lat' dir='ltr'>egisse.</span> <span class='ocrx_word' id='word_1_270' title='bbox 1292 4280 1609 4338; x_wconf 83' lang='lat' dir='ltr'>Iamdudum</span> <span class='ocrx_word' id='word_1_271' title='bbox 1650 4280 1787 4336; x_wconf 88' lang='lat' dir='ltr'>haec</span> <span class='ocrx_word' id='word_1_272' title='bbox 1824 4280 2041 4351; x_wconf 81' lang='lat' dir='ltr'>scripsi,</span> <span class='ocrx_word' id='word_1_273' title='bbox 2088 4296 2211 4335; x_wconf 89' lang='lat' dir='ltr'>cum</span> <span class='ocrx_word' id='word_1_274' title='bbox 2243 4279 2574 4336; x_wconf 85' lang='lat' dir='ltr'>inveniebam</span> <span class='ocrx_word' id='word_1_275' title='bbox 2610 4286 2788 4336; x_wconf 88' lang='lat' dir='ltr'>sctum</span> 
     </span>
     <span class='ocr_line' id='line_1_42' title="bbox 294 4372 2783 4444; baseline -0.002 -11"><span class='ocrx_word' id='word_1_276' title='bbox 294 4374 434 4433; x_wconf 87' lang='lat' dir='ltr'>illud</span> <span class='ocrx_word' id='word_1_277' title='bbox 465 4375 534 4431; x_wconf 87' lang='lat' dir='ltr'>de</span> <span class='ocrx_word' id='word_1_278' title='bbox 566 4374 946 4433; x_wconf 82' lang='lat' dir='ltr'>Prienensibus</span> <span class='ocrx_word' id='word_1_279' title='bbox 989 4374 1296 4444; x_wconf 86' lang='lat' dir='ltr'>nuperrime</span> <span class='ocrx_word' id='word_1_280' title='bbox 1340 4389 1462 4431; x_wconf 88' lang='lat' dir='ltr'>esse</span> <span class='ocrx_word' id='word_1_281' title='bbox 1493 4373 1696 4429; x_wconf 89' lang='lat' dir='ltr'>editum</span> <span class='ocrx_word' id='word_1_282' title='bbox 1732 4387 1767 4428; x_wconf 77' lang='lat' dir='ltr'>a</span> <span class='ocrx_word' id='word_1_283' title='bbox 1800 4372 2031 4428; x_wconf 81' lang='lat' dir='ltr'>Lebasio</span> <span class='ocrx_word' id='word_1_284' title='bbox 2068 4372 2267 4437; x_wconf 83' lang='lat' dir='ltr'>(Lebas</span> <span class='ocrx_word' id='word_1_285' title='bbox 2303 4380 2360 4428; x_wconf 87' lang='lat' dir='ltr'>et</span> <span class='ocrx_word' id='word_1_286' title='bbox 2391 4372 2783 4442; x_wconf 75' lang='lat' dir='ltr'>Waddingtonz</span> 
     </span>
     <span class='ocr_line' id='line_1_43' title="bbox 295 4465 2787 4539; baseline -0.002 -15"><span class='ocrx_word' id='word_1_287' title='bbox 295 4478 503 4539; x_wconf 79' lang='lat' dir='ltr'>voyage</span> <span class='ocrx_word' id='word_1_288' title='bbox 534 4466 841 4535; x_wconf 79' lang='lat' dir='ltr'>archeolog.</span> <span class='ocrx_word' id='word_1_289' title='bbox 879 4482 946 4522; x_wconf 92' lang='lat' dir='ltr'>en</span> <span class='ocrx_word' id='word_1_290' title='bbox 981 4467 1154 4523; x_wconf 79' lang='lat' dir='ltr'>Grece</span> <span class='ocrx_word' id='word_1_291' title='bbox 1197 4472 1253 4523; x_wconf 87' lang='lat' dir='ltr'>et</span> <span class='ocrx_word' id='word_1_292' title='bbox 1294 4483 1362 4523; x_wconf 83' lang='lat' dir='ltr'>en</span> <span class='ocrx_word' id='word_1_293' title='bbox 1397 4467 1529 4523; x_wconf 84' lang='lat' dir='ltr'>Asis</span> <span class='ocrx_word' id='word_1_294' title='bbox 1573 4467 1815 4522; x_wconf 90' lang='lat' dir='ltr'>mineure</span> <span class='ocrx_word' id='word_1_295' title='bbox 1845 4465 1943 4533; x_wconf 88' lang='lat' dir='ltr'>m,</span> <span class='ocrx_word' id='word_1_296' title='bbox 1987 4482 2038 4519; x_wconf 88' lang='lat' dir='ltr'>n.</span> <span class='ocrx_word' id='word_1_297' title='bbox 2079 4468 2347 4521; x_wconf 84' lang='grc'>195-198</span> <span class='ocrx_word' id='word_1_298' title='bbox 2384 4465 2574 4536; x_wconf 83' lang='lat' dir='ltr'>explic.</span> <span class='ocrx_word' id='word_1_299' title='bbox 2612 4482 2665 4535; x_wconf 90' lang='lat' dir='ltr'>p.</span> <span class='ocrx_word' id='word_1_300' title='bbox 2702 4469 2787 4533; x_wconf 81' lang='lat'>77)</span> 
     </span>
     <span class='ocr_line' id='line_1_44' title="bbox 297 4558 2788 4629; baseline -0.001 -12"><span class='ocrx_word' id='word_1_301' title='bbox 297 4562 467 4624; x_wconf 86' lang='lat' dir='ltr'>multo</span> <span class='ocrx_word' id='word_1_302' title='bbox 503 4559 764 4629; x_wconf 82' lang='lat' dir='ltr'>integrius</span> <span class='ocrx_word' id='word_1_303' title='bbox 786 4558 970 4629; x_wconf 80' lang='lat' dir='ltr'>itaque</span> <span class='ocrx_word' id='word_1_304' title='bbox 992 4561 1212 4629; x_wconf 87' lang='lat' dir='ltr'>planum</span> <span class='ocrx_word' id='word_1_305' title='bbox 1239 4576 1378 4627; x_wconf 87' lang='lat' dir='ltr'>esse,</span> <span class='ocrx_word' id='word_1_306' title='bbox 1413 4560 1684 4617; x_wconf 71' lang='lat' dir='ltr'>consulem</span> <span class='ocrx_word' id='word_1_307' title='bbox 1713 4559 1952 4615; x_wconf 85' lang='lat' dir='ltr'>Servium</span> <span class='ocrx_word' id='word_1_308' title='bbox 1976 4559 2225 4615; x_wconf 87' lang='lat' dir='ltr'>Fulvium</span> <span class='ocrx_word' id='word_1_309' title='bbox 2259 4573 2307 4614; x_wconf 77' lang='lat' dir='ltr'>a.</span> <span class='ocrx_word' id='word_1_310' title='bbox 2329 4562 2545 4623; x_wconf 84' lang='grc'>6191135</span> <span class='ocrx_word' id='word_1_311' title='bbox 2582 4560 2788 4627; x_wconf 83' lang='lat' dir='ltr'>legatos</span> 
     </span>
     <span class='ocr_line' id='line_1_45' title="bbox 290 4652 673 4710; baseline -0.005 0"><span class='ocrx_word' id='word_1_312' title='bbox 290 4652 673 4710; x_wconf 84' lang='lat' dir='ltr'>introduxisse.</span> 
     </span>
    </p>
   </div>
  </div>
 </body>
</html>
