3400 5300
1633 309 2056 372 -34—

591 477 876 563 Philippi
917 475 1091 560 regis
1132 495 1194 541 a.
1241 478 1509 548 5571197
1555 474 1725 559 (Liv.
1768 475 2056 558 XXXII,
2103 478 2187 555 3),

593 590 896 673 Ligurum
940 607 1002 653 a.
1049 588 1315 662 5731181
1367 585 1530 663 (Liv.
1577 585 1717 666 XL,
1768 589 1891 668 34),

593 701 922 766 Bellorum
968 703 1032 764 et
1075 696 1393 762 Tittorum
1435 715 1494 762 a.
1541 699 1807 772 6031151
1858 693 2022 778 (Pol.
2069 693 2345 778 XXXV,
2393 699 2431 758 2
2477 696 2644 779 App.
2691 696 2855 762 Iber.
2902 698 3027 779 49),

593 810 945 876 Marsorum
985 806 1394 889 Pelignorum
1451 806 1721 872 aliarum
1776 805 2064 889 gentium
2124 824 2183 870 a.
2232 807 2458 882 664190
2519 806 2707 890 (App.
2768 805 2922 872 bell.
2965 807 3087 873 civ.

897 917 950 999 I,
998 918 1126 993 39).

763 1027 1068 1093 Similiter
1121 1032 1382 1093 senatus
1447 1027 1694 1109 legatos
1758 1024 1843 1097 ad
1907 1024 2244 1109 purganda
2308 1025 2573 1091 crimina
2636 1025 2967 1092 venientes
3031 1026 3089 1092 si

592 1138 796 1204 reiicit
848 1136 1192 1220 hostesque
1243 1116 1542 1219 iudicat,
1572 1135 1731 1202 urbe
1774 1142 1838 1202 et
1880 1170 1963 1182 -
2006 1135 2061 1200 si
2105 1135 2355 1202 externi
2397 1141 2580 1200 erant
2621 1169 2704 1180 —-
2747 1134 2940 1200 Italia
2982 1155 3091 1202 ex-

593 1246 824 1314 cedere
861 1246 1059 1313 iubet.

764 1358 864 1423 Ita
906 1357 1278 1422 Latinorum
1335 1361 1398 1421 et
1457 1355 1872 1422 Hernicorum
1927 1353 2161 1438 legatis
2215 1352 2297 1420 de
2340 1353 2552 1420 Volsci
2609 1355 2872 1421 crimine
2905 1354 3085 1430 ‚belli

593 1486 654 1533 a.
701 1469 968 1543 3731381
1019 1485 1088 1532 se
1124 1466 1546 1550 purgantibus
1590 1465 2035 1530 denuntiatum
2080 1472 2205 1546 est,
2263 1463 2651 1530 facesserent
2692 1484 2965 1549 propere
3008 1484 3091 1532 ex

594 1577 770 1657 urbe,
815 1575 900 1641 ab
947 1594 1054 1642 ore
1097 1581 1291 1658 atque
1335 1575 1535 1641 oculis
1579 1575 1801 1660 populi
1841 1574 2131 1641 Romani.

765 1684 1012 1752 Eadem
1056 1685 1303 1752 ratione
1345 1685 1481 1768 agit
1524 1693 1786 1752 senatus
1829 1685 1884 1750 si
1929 1704 2068 1750 cum
2114 1702 2237 1765 quo
2274 1685 2512 1767 populo
2542 1691 2655 1750 aut
2682 1703 2833 1768 rege
2862 1683 3085 1750 foedus

595 1795 788 1862 solvit
830 1796 1074 1862 Romae
1131 1815 1346 1862 coram
1401 1815 1619 1862 eorum
1675 1793 1926 1877 legatis.
2013 1793 2115 1858 Ita
2158 1793 2508 1882 Menyllum
2553 1795 2836 1878 legatum
2878 1795 3088 1860 Ptole-

595 1905 764 1970 maei
821 1905 1081 1971 maioris
1126 1926 1184 1970 a.
1234 1904 1498 1987 5931161
1547 1906 1791 1970 Romae
1848 1923 1990 1969 cum
2046 1903 2309 1969 alterius
2366 1904 2720 1972 Ptolemaei
2764 1904 3087 1987 legatione

594 2035 807 2082 coram
851 2021 1080 2081 senatu
1123 2014 1590 2098 disceptantem
1634 2013 1915 2080 amicitia
1958 2013 2171 2079 soluta
2212 2019 2428 2096 patres
2470 2013 2732 2081 iussisse
2774 2011 2842 2079 ἓν
2872 2005 3082 2079 πένθ’

563 2119 870 2209 ,ἡμέραις
936 2116 1322 2208 ἀποτρέχειν
1381 2121 1451 2190 ἐκ
1516 2125 1635 2211 τῆς
1684 2117 1924 2208 Ῥώμης
1991 2124 2299 2208 Polybius
2354 2124 2671 2207 (XXXII,
2733 2129 2793 2198 1)
2850 2130 3087 2207 narrat,

594 2234 916 2300 Diodorus
959 2233 1210 2300 Siculus
1252 2235 1504 2317 XXXI,
1551 2237 1630 2300 23
1677 2234 1804 2299 Dd.
1862 2227 2418 2298 ἀπαλλάττεσθαι
2464 2230 2531 2298 ἓν
2574 2227 2845 2318 ἡμέραις
2889 2239 3089 2301 πέντε

595 2348 745 2422 ταῖς
791 2339 1089 2421 ἁπάσαις
1135 2342 1202 2408 ἐκ
1245 2345 1364 2430 τῆς
1401 2337 1764 2421 Ἰταλίας
1808 2363 1952 2410 eum
1986 2342 2155 2408 dicit.
2220 2345 2691 2427 Reputantibus
2720 2365 2871 2412 vero
2901 2345 3089 2414 nobis

597 2457 962 2537 Gulussam,
995 2453 1374 2520 Masinissae
1403 2455 1574 2538 regis
1602 2453 1971 2521 amicissimi
2002 2452 2218 2535 filium,
2251 2455 2567 2539 extemplo
2597 2452 2687 2539 (v.
2711 2456 2850 2521 Liv.
2876 2457 3083 2540 XLII,

596 2570 701 2643 24)
740 2571 1031 2632 senatum
1075 2563 1338 2630 iussisse
1381 2563 1712 2647 proficisci,
1759 2584 1798 2628 a
1827 2569 2013 2647 patre
2040 2562 2217 2628 haud
2246 2565 2339 2630 ita
2366 2572 2661 2632 accurate
2690 2565 3083 2647 instructum,

593 2696 810 2743 nonne
855 2674 1229 2741 incredibile
1275 2674 1555 2756 videtur,
1615 2675 1674 2740 ei
1718 2679 1850 2739 tam
1892 2675 2122 2741 acerbe
2170 2676 2577 2759 responderi,
2624 2677 2910 2763 Menyllo
2954 2684 3084 2743 tam

593 2785 869 2855 leniter?
943 2784 1197 2850 Deinde
1240 2803 1381 2849 cum
1422 2784 1490 2850 in
1535 2785 1957 2868 paragraphis
2000 2784 2480 2868 insequentibus
2513 2787 2819 2871 Polybius
2850 2786 3087 2853 diserte

592 2897 842 2977 tradat,
899 2896 1149 2978 legatos
1167 2895 1514 2977 ,Romanos
1569 2894 1652 2959 ad
1709 2896 2145 2961 Ptolemaeum
2212 2896 2520 2962 minorem
2571 2898 2887 2981 eoetemplo
2945 2916 3087 2972 esse

594 3006 840 3087 missos,
887 3023 1102 3070 nonne
1145 3003 1371 3069 mirum
1418 3010 1544 3087 est,
1599 3004 1770 3087 quod.
1814 3005 2133 3089 Menyllus
2179 3006 2456 3089 quinque
2500 3027 2614 3091 per
2659 3007 2799 3074 dies
2841 3008 3083 3073 Romae

592 3134 856 3181 manere
876 3120 1104 3199 potest,
1130 3114 1326 3197 legati
1341 3114 1612 3180 Romani
1631 3114 1841 3179 triduo
1864 3114 2385 3200 proficiscuntur?
2415 3117 2713 3199 Denique
2736 3117 2905 3199 quod
2926 3138 3085 3182 nun-

593 3244 783 3307 quam
811 3224 989 3289 iubet
1011 3230 1291 3307 senatus,
1322 3226 1569 3307 legatos
1588 3224 1759 3290 intra
1781 3226 2137 3309 complures
2160 3225 2297 3292 dies
2319 3226 2542 3292 urbem
2563 3227 2941 3310 relinquere,
2968 3227 3082 3293 sed

591 3354 846 3419 semper
889 3333 1115 3401 eodem
1160 3334 1284 3412 die,
1333 3355 1474 3400 cum
1519 3335 1640 3401 hoc
1673 3341 1933 3402 senatus
1963 3336 2317 3401 consultum
2347 3334 2745 3419 aptissimum
2776 3338 2877 3419 sit,
2921 3335 3083 3409 illud

593 3444 748 3529 quid
791 3443 914 3509 sibi
957 3444 1114 3510 velit
1155 3444 1427 3528 intelligi
1472 3444 1582 3509 vix
1623 3446 1847 3529 possit.
1933 3446 2157 3528 Itaque
2199 3445 2451 3530 Polybii
2502 3447 2931 3511 narrationem
2973 3446 3083 3510 vix

593 3554 854 3638 dignam
899 3573 1041 3621 esse
1084 3555 1185 3620 cui
1229 3554 1580 3636 credamus,
1625 3554 2024 3621 arbitramur.
2092 3557 2317 3639 Neque
2360 3575 2511 3621 vero
2542 3557 2809 3622 Diodori
2852 3556 3082 3621 rationi

592 3664 1008 3745 assentimur,
1067 3662 1238 3746 quod
1279 3684 1364 3730 ne
1407 3664 1817 3731 acerbissimo
1863 3665 2119 3749 quidem
2162 3668 2329 3733 hosti
2373 3674 2504 3733 tam
2548 3666 2780 3733 acerbe
2823 3673 3082 3732 senatus

589 3773 980 3857 respondere
1022 3772 1206 3839 solet.
1291 3775 1516 3856 Itaque
1573 3774 1693 3841 hae
1739 3775 1904 3842 duae
1947 3777 2347 3843 narrationes
2389 3777 2749 3859 corruptela
2790 3776 3083 3841 obscura-

591 3892 697 3951 tae
743 3903 884 3950 esse
927 3883 1245 3965 videntur,
1291 3884 1391 3949 cui
1432 3890 1647 3951 tamen
1691 3885 2011 3953 medelam
2054 3886 2255 3953 affere
2293 3887 2403 3951 vix
2439 3888 2772 3971 quisquam
2802 3886 3079 3971 possit1).

763 3992 893 4060 Sed
949 3994 1004 4059 si
1061 3994 1415 4077 legatorum
1471 3995 1647 4078 pacis
1691 3996 2096 4061 condiciones
2151 3996 2559 4079 accipiendas
2626 4015 2766 4063 esse
2822 4004 3080 4063 senatus

591 4106 992 4191 populusque
1048 4104 1374 4171 Romanus
1438 4114 1684 4186 censet,
1754 4106 1798 4170 ii
1863 4126 2023 4189 pace
2076 4105 2246 4171 facta
2302 4106 2455 4172 socii
2518 4106 2791 4173 Romani
2846 4103 3081 4171 redditi

732 4301 779 4362 1)
830 4296 1086 4351 Fortasse
1131 4296 1364 4365 genuina
1407 4296 1630 4351 fuerunt
1659 4298 1825 4353 verba
1856 4298 2019 4352 haec:
2076 4296 2275 4367 ἐκ[μὲν]
2312 4300 2407 4361 τῆς
2435 4294 2639 4367 Ῥώμης
2673 4296 2877 4355 εὐθέως
2912 4292 3079 4349 o’enaa-

592 4392 908 4449 λάττεσθαι,
949 4391 1006 4440 ἐκ
1033 4388 1091 4441 δὲ
1128 4392 1221 4453 τῆς·
1249 4384 1478 4446 Ἰταλίας·
1513 4388 1572 4442 ἒν
1599 4390 1643 4443 ιέ
1679 4388 1903 4459 ἡμέραις
1940 4386 2279 4461 ἀποτρέχειν,
2320 4407 2458 4459 quae
2492 4392 2673 4447 scriba
2698 4408 2821 4447 cum
2842 4391 2985 4446 oculi
3009 4391 3078 4445 ab

589 4483 741 4539 initio
777 4483 972 4551 prioris
1008 4498 1195 4539 versus
1232 4481 1301 4536 ad
1335 4481 1670 4551 insequentis
1706 4482 2028 4537 simillimum
2064 4486 2428 4551 aberrassent,
2472 4484 2615 4539 inter
2662 4501 2719 4540 se
2766 4484 3082 4553 permiscuit

591 4582 647 4633 et
681 4576 819 4631 alius
857 4576 974 4643 quis
1008 4576 1086 4629 ita
1123 4575 1383 4641 correxit,
1431 4579 1494 4630 ut
1528 4575 1674 4645 apud
1708 4576 1992 4647 Polybium
2028 4582 2235 4645 extant,
2280 4578 2418 4633 alius
2456 4578 2629 4645 aliter,
2675 4584 2737 4633 ut
2772 4582 2899 4634 sunt
2934 4578 3085 4647 apud

588 4668 900 4724 Diodorum.
1422 4665 1437 4678 “
