3400 5300
691 923 1278 1010 OONSPEOTUS
1331 924 1663 1009 RERUM
1720 924 2431 1010 TRAOTATARUM.

2651 1141 2738 1181 1³⁸8*

312 1194 516 1260 Hostis,
551 1194 861 1264 hospitium,
897 1193 1150 1261 amicitia,
1184 1195 1390 1264 foeduS,
1429 1195 1630 1252 deditio
1667 1235 2531 1252 ...........
2635 1159 2802 1250 Ἰ-ὶῖ

1415 1318 1606 1385 enom
1639 1331 1682 1384 Ι.

311 1431 398 1486 De
433 1443 656 1487 numero
690 1432 988 1500 legatorum
1023 1431 1252 1489 Romam
1284 1430 1571 1488 missorum
1667 1471 2529 1486 ...........
2606 1435 2799 1486 18-21

1407 1565 1596 1622 CAPUT
1629 1566 1703 1620 11.
2596 1647 2603 1652 .

312 1660 396 1715 De
428 1661 723 1730 legatorum
761 1661 1046 1746 comitibus
1157 1697 2530 1715 .................
2600 1663 2805 1714 22-23

1395 1795 1585 1850 Unum
1619 1793 1721 1848 111.

311 1896 396 1951 De
430 1901 671 1966 tempore
706 1911 812 1965 quo
846 1896 1010 1966 legati
1042 1895 1272 1951 Romam
1307 1896 1559 1951 advenire
1592 1895 1739 1952 soliti
1774 1895 1885 1951 sint
1918 1935 2529 1954 ........
2600 1899 2804 1951 24-28

1395 2030 1585 2086 Carum
1625 2031 1722 2086 IV.

313 2124 576 2194 Quamdiu
609 2124 771 2193 legati
807 2123 1012 2178 Romae
1047 2123 1364 2178 commorati
1399 2124 1509 2178 sint
1582 2162 2529 2180 ............
2602 2127 2802 2178 29-35

1410 2257 1601 2313 Ouum
1634 2257 1704 2312 V.

313 2360 589 2428 Quomodo
624 2359 784 2428 legati
817 2358 1168 2427 magistratus
1203 2359 1416 2427 adeant,
1451 2365 1514 2414 ut
1544 2360 1603 2414 in
1638 2363 1885 2414 senatum
1917 2359 2332 2415 introducantur
2430 2400 2443 2412 .
2514 2399 2528 2412 .
2602 2363 2804 2414 36-38

1395 2494 1586 2549 CAPUT
1620 2493 1716 2550 VI.
2728 2555 2735 2562 .

309 2569 394 2651 De
428 2594 583 2651 donis
619 2595 852 2666 publicis
885 2611 920 2651 a
951 2595 1144 2665 legatis
1181 2596 1409 2652 Romam
1443 2596 1624 2652 allatis
1665 2635 2530 2652 ...........
2602 2598 2802 2651 38-43
2906 2595 2913 2604 “

623 2693 666 2742 1.
717 2689 924 2757 Quibus
959 2689 1339 2745 occasionibus
1373 2689 1514 2745 datis
1550 2689 1691 2745 dona
1726 2688 1955 2745 Romam
1988 2688 2157 2745 allata
2193 2703 2312 2744 esse
2348 2729 2361 2743 .
2430 2730 2445 2745 .
2516 2728 2530 2744 .
2600 2692 2805 2743 38-40

621 2785 670 2837 2.
717 2780 803 2835 De
835 2782 968 2852 ipsis
1001 2782 1314 2837 muneribus
1419 2818 2531 2837 ..............
2600 2785 2803 2836 41—43

1385 2917 1575 2972 CAPUT
1609 2915 1733 2971 Vn.

309 3017 384 3071 Et
419 3032 684 3071 summum
717 3017 1090 3085 magistratum
1126 3023 1181 3072 et
1215 3018 1455 3087 singulos
1491 3020 1770 3073 senatores
1805 3032 1841 3073 a
1873 3016 2067 3087 legatis
2102 3031 2267 3088 saepe
2300 3017 2534 3089 pecunia

380 3124 499 3165 esse
535 3116 818 3179 corruptos
906 3150 2531 3167 ....................
2599 3114 2802 3165 44—45

1379 3246 1569 3300 CAPUT
1603 3244 1751 3301 VIII.

312 3337 588 3407 Quomodo
624 3337 787 3406 legati
823 3337 1026 3419 Romae
1061 3338 1272 3409 excepti
1306 3338 1416 3394 sint
1498 3378 1935 3393 ......
1974 3418 1981 3425 .
2005 3376 2529 3393 .......
2597 3341 2804 3392 46-56

1395 3472 1586 3528 onum
1622 3472 1717 3527 IX.

315 3565 594 3631 Quomodo
629 3564 820 3635 legatis
855 3570 1077 3619 senatus
1111 3565 1269 3621 datus
1305 3566 1375 3622 sit
1409 3606 2529 3622 ..............
2600 3571 2803 3621 56—70

480 3660 520 3713 Ι.
571 3660 654 3712 De
689 3658 852 3712 rebus
889 3664 1014 3711 ante
1049 3662 1299 3713 senatum
1333 3658 1520 3713 datum
1553 3660 1694 3714 actis
1754 3698 2527 3713 ..........
2599 3663 2802 3714 56-59

452 3752 521 3805 11.
570 3752 653 3807 De
687 3755 880 3805 senatu
914 3750 1106 3819 legatis
1141 3750 1368 3805 Romam
1402 3753 1577 3807 missis
1613 3751 1742 3807 dato
1835 3791 2528 3808 .........
2598 3756 2803 3806 59-70

623 3849 664 3897 1.
713 3843 906 3912 Legati
937 3843 1359 3899 introducuntur
1392 3850 1448 3899 et
1480 3846 1645 3900 verba
1677 3843 1889 3901 faciunt
2007 3884 2529 3906 .......
2600 3848 2797 3898 59-61

618 3941 666 3993 2.
715 3936 907 4004 Legati
941 3951 975 3990 a
1010 3936 1349 3991 senatoribus
1385 3938 1763 3992 examinantur
1838 3977 2529 3993 .........
2600 3941 2663 3991 61

617 4034 664 4084 3.
713 4029 1034 4085 Senatorum
1067 4030 1364 4085 sententiae
1402 4030 1469 4085 de
1501 4030 1692 4099 legatis
1727 4033 2090 4099 perrogantur
2171 4068 2528 4084 .....
2600 4033 2665 4084 62

616 4127 664 4176 4.
713 4121 900 4177 Sctum
934 4122 1123 4190 legatis
1158 4121 1322 4176 datur
1414 4161 2529 4179 ..............
2600 4127 2802 4177 62—-70

753 4216 821 4268 A.
867 4215 1084 4285 Legatis
1121 4216 1384 4284 scriptum
1419 4221 1596 4271 sctum
1630 4232 1741 4270 non
1777 4215 1940 4270 datur
2008 4255 2532 4270 .......
2603 4220 2803 4270 63-65

752 4309 814 4361 Β.
869 4308 1085 4377 Legatis
1123 4308 1383 4379 scriptum
1419 4312 1594 4363 sctum
1629 4309 1792 4364 datur
1843 4344 2532 4363 .........
2601 4311 2803 4363 65-68

625 4408 671 4456 5.
720 4400 805 4455 De
839 4403 972 4457 sctis
1008 4402 1196 4470 legatis
1231 4401 1372 4457 datis
1409 4438 2530 4457 ..............
2602 4403 2804 4455 69-70
