3400 5300
1589 321 2002 381 —22....

1550 655 1887 734 CAPUT
1940 657 2037 731 Π.

1183 845 1298 909 DE
1344 841 1876 910 LEGATORUM
1920 839 2406 908 COMITIBUS.

1362 1030 1438 1094 A.
1495 1029 1901 1096 Sociorum
1950 1027 2233 1110 legati.

719 1183 1026 1262 Quamvis
1081 1188 1254 1247 certa
1311 1181 1678 1247 testimonia
1734 1179 1977 1260 desint,
2036 1179 2346 1245 sociorum
2391 1177 2747 1261 legationes
2790 1195 3042 1259 semper

551 1314 691 1360 cum
738 1292 1072 1358 comitibus
1113 1291 1398 1374 venisse,
1459 1310 1539 1356 ex
1583 1289 1909 1355 nonnullis
1926 1293 1967 1368 ¹)
2018 1295 2236 1354 tamen
2279 1289 2655 1371 scriptorum
2697 1287 2853 1352 locis
2896 1305 3041 1351 con-

552 1403 806 1470 cludere
835 1423 966 1468 non
997 1402 1380 1482 dubitamus,
1414 1401 1578 1464 nulli
1605 1399 1912 1483 legationi
1943 1399 2306 1464 comitatum
2340 1398 2637 1479 defuisse,
2667 1396 3038 1480 praesertim

549 1515 604 1580 si
649 1532 960 1580 memores
1003 1532 1248 1595 sumus,
1306 1507 1738 1576 Romanorum
1750 1511 1794 1589 ²)
1852 1528 2103 1592 quoque
2144 1510 2499 1590 legatorum
2541 1508 2737 1573 fuisse
2781 1507 3042 1573 comites

551 1630 616 1690 et
674 1625 988 1707 ingenuos
1045 1629 1108 1689 et
1149 1641 1370 1688 servos
1413 1627 1478 1688 et
1519 1620 1871 1686 libertinos.
1960 1618 2090 1686 Sed
2134 1618 2268 1685 fieri
2312 1638 2442 1683 non
2485 1623 2725 1701 potest,
2780 1625 2849 1682 ut
2892 1636 3044 1682 enu-

549 1735 860 1815 cleemus,
919 1739 1070 1816 quot
1127 1732 1388 1797 comites
1444 1731 1785 1796 habuerint
1840 1729 2228 1813 legationes,
2292 1748 2433 1793 cum
2489 1748 2571 1794 ne
2611 1750 2739 1793 uno
2784 1726 3038 1810 quidem

549 1845 691 1908 loco
763 1843 1011 1908 numeri
1083 1841 1381 1908 comitum
1454 1840 1691 1906 mentio
1763 1838 1891 1904 fiat.
1999 1837 2183 1918 Quod
2251 1845 2463 1904 autem
2527 1837 2898 1904 Athenaeus
2963 1835 3040 1900 V.

551 1973 613 2035 p.
659 1955 782 2016 273
807 1953 884 2018 A.
928 1951 1210 2032 tradidit,
1256 1957 1500 2017 tantam
1543 1950 1740 2016 fuisse
1768 1951 1839 2013 P.
1870 1949 2188 2032 Scipionis
2217 1948 2499 2014 Africani
2544 1945 3040 2031 simplicitatem,

549 2069 620 2128 ut
675 2083 921 2146 semper
977 2081 1117 2127 eum
1179 2063 1446 2146 quinque
1502 2061 1669 2126 servi
1728 2059 2005 2125 comitati
2063 2064 2309 2140 essent,
2370 2066 2629 2124 nostrae
2685 2055 3042 2140 quaestioni

551 2171 923 2237 adiumento
982 2191 1122 2238 esse
1179 2192 1307 2236 non
1367 2178 1594 2262 potest.
1683 2173 1984 2235 Attamen
2029 2205 2112 2215 -
2155 2169 2281 2234 nisi
2322 2169 2513 2233 fallor
2554 2205 2637 2214 -—
2682 2169 2751 2233 in
2792 2167 3047 2232 univer-

551 2303 688 2348 sum
749 2302 866 2346 nos
921 2281 1204 2347 iudicare
1259 2300 1632 2364 possumus,
1685 2280 1947 2345 comites
2001 2278 2391 2362 legationum
2451 2298 2525 2343 eo
2570 2279 2787 2361 plures
2830 2276 3043 2356 fuisse,

487 2377 494 2384 ’
553 2414 678 2477 quo
723 2395 910 2477 plura
955 2399 1018 2458 et
1060 2391 1373 2475 ampliora
1418 2390 1590 2455 dona
1635 2397 1697 2454 et
1741 2410 2005 2455 munera
2048 2390 2203 2455 socii
2234 2389 2539 2453 Romanis
2582 2386 2958 2452 afferebant.

1599 2575 1670 2639 Β.
1717 2576 1997 2659 Reges.

723 2717 887 2781 Item
945 2715 1127 2780 nulla
1185 2713 1317 2779 fere
1376 2712 1738 2777 testimonia
1797 2718 2019 2777 extant
2070 2711 2151 2777 de
2193 2729 2411 2793 regum
2458 2710 2568 2792 qui
2610 2712 2877 2776 Romam
2922 2710 3045 2793 ipsi

551 2833 863 2893 venerunt
919 2823 1240 2909 comitatu.
1329 2822 1595 2905 Semper
1651 2828 1859 2887 autem
1919 2828 2349 2905 exspectatum
2412 2840 2553 2886 esse
2596 2840 2816 2904 regum
2860 2820 3048 2885 comi-

551 2942 756 3001 tatum
801 2933 1408 3017 splendidissimum,
1456 2952 1537 2999 ex
1581 2952 1655 2999 eo
1700 2938 1989 3016 apparet,
2036 2931 2225 3014 quod,
2271 2952 2412 2997 cum
2455 2932 2859 2997 Ptolemaeus
2904 2931 3048 2994 Phi-

551 3044 822 3111 lometor
893 3064 934 3110 a
1005 3044 1250 3109 minore
1321 3043 1516 3109 fratre
1575 3044 1965 3120 (Ptolemaeo
2023 3041 2382 3127 Physcone)
2457 3061 2494 3107 e
2557 3060 2755 3126 regno
2825 3041 3048 3123 pulsus

551 3177 612 3221 a.
648 3153 917 3236 589l165
962 3154 1210 3220 veniret
1252 3154 1519 3219 Romam
1565 3173 1706 3219 cum
1752 3158 2043 3235 quattuor
2087 3153 2288 3217 servis
2334 3150 2399 3216 ἐν
2448 3150 2716 3215 ἰδιώτου
2764 3148 3048 3235 σχήματι

555 3246 792 3348 οἰκτρῷ
853 3300 934 3310 -
990 3270 1059 3329 ut
1102 3262 1367 3329 Diodori
1425 3264 1638 3329 verbis
1683 3269 1828 3327 utar
1870 3298 1985 3341 —,
2044 3268 2303 3327 senatus
2349 3282 2584 3345 magna
2626 3259 3048 3326 admiratione

551 3374 970 3450 tenebatur³).
1045 3372 1224 3451 Quae
1269 3393 1411 3438 cum
1454 3373 1546 3437 ita
1588 3374 1734 3456 sint,
1782 3372 2119 3454 scriptores
2134 3374 2178 3447 ⁴)
2224 3391 2443 3453 regum
2490 3371 2838 3438 adventum
2884 3391 3049 3437 com·

552 3466 980 3550 memorantes
1034 3501 1361 3564 nunquam
1418 3483 1815 3548 occasionem
1866 3482 2371 3565 praetermittere
2414 3483 2623 3547 solent
2668 3481 2922 3547 dicendi
2967 3480 3050 3547 de

557 3591 900 3676 splendido
963 3611 1179 3658 eorum
1224 3592 1555 3673 comitatu,
1613 3591 1728 3657 sed
1772 3594 2124 3657 accuratius
2167 3612 2499 3658 numerum
2543 3613 2673 3657 non
2719 3590 3047 3657 definiunt.

555 3704 725 3768 Nam
768 3701 1064 3784 Procopii
1078 3702 1122 3779 ⁵)
1180 3701 1641 3783 testimonium,
1703 3722 1738 3767 e
1796 3722 1919 3785 quo
1977 3701 2291 3769 Chosroes
2352 3702 2732 3785 quingentos
2788 3702 3049 3767 comites

698 3941 745 4003 1)
783 3936 893 3991 Cic.
930 3936 1113 4003 Flacc.
1151 3936 1348 3991 XVIII.
1386 3936 1503 3991 Liv.
1539 3936 1712 4005 XXX,
1743 3942 1822 3992 17.
1859 3937 2057 4003 XLHI,
2078 3942 2125 3989 7.
2160 3936 2421 4005 Micythio
2458 3936 2598 3990 enim
2624 3934 3051 3989 Chalcidensium

555 4029 858 4097 legatorum
899 4030 1152 4098 princeps
1204 4044 1327 4083 cum
1366 4029 1595 4097 pedibus
1632 4033 1822 4098 captus
1858 4029 2054 4084 lectica
2088 4030 2146 4083 in
2180 4031 2428 4083 senatum
2461 4026 2823 4091 introferatur,
2861 4043 2959 4098 per
2993 4040 3057 4081 se

558 4126 726 4191 patet,
777 4136 959 4177 servos
995 4122 1136 4175 inter
1173 4122 1394 4177 comites
1429 4122 1592 4177 huius
1627 4122 1905 4190 legationis
1942 4121 2127 4177 fuisse.
2302 4126 2350 4189 2)
2386 4122 2501 4177 Pol.
2536 4121 2793 4185 XXXIII,
2831 4126 2877 4175 7.
2938 4120 3046 4173 Cic.

559 4214 730 4269 Acad.
765 4215 857 4279 lV,
895 4219 943 4279 2,
982 4218 1034 4269 8.
1100 4231 1146 4269 v.
1183 4215 1398 4285 Paulyi:
1447 4215 1703 4270 Realenc.
1740 4219 1779 4269 t.
1816 4215 1887 4280 ΙΙ,
1923 4220 2038 4269 523.
2108 4214 2477 4283 Marquardti:
2514 4214 2669 4267 Rom.
2707 4214 3044 4268 Staatsverw.

557 4324 612 4375 p.
653 4311 770 4361 290.
847 4307 1196 4362 Mommseni:
1246 4308 1398 4363 Rom.
1436 4310 1664 4363 staatsr.
1698 4307 1743 4373 1,
1782 4312 1881 4362 250
1917 4324 1994 4376 sq.
2168 4312 2216 4367 3)
2253 4308 2373 4362 Val.
2408 4307 2555 4361 Mart.
2590 4307 2657 4363 V.
2692 4307 2735 4372 I,
2780 4312 2821 4359 ι.
2892 4305 3050 4360 Diod.

560 4400 761 4466 XXXI,
803 4405 863 4455 18
899 4400 1058 4456 Dind.
1217 4406 1269 4466 4)
1303 4400 1420 4456 Pol.
1455 4400 1734 4468 XXXVII,
1775 4406 1851 4455 13.
1904 4400 2014 4455 Cic.
2036 4401 2189 4454 Verr.
2226 4401 2295 4467 Π,
2332 4406 2380 4468 4,
2419 4406 2499 4454 30.
2548 4399 2737 4457 Rabir.
2772 4400 2921 4455 Post.
2949 4399 3052 4465 III,

562 4498 608 4547 6.
647 4492 760 4546 Liv.
797 4492 968 4560 XLII,
1005 4497 1085 4547 39.
1122 4493 1322 4560 XLIH,
1361 4500 1406 4547 5.
1440 4493 1608 4562 XLV,
1647 4499 1729 4549 14.
1868 4496 1919 4559 5)
1954 4493 2185 4563 Procop.
2220 4495 2285 4549 de
2321 4495 2459 4549 bello
2496 4494 2646 4548 Pers.
2681 4492 2751 4560 11,
2788 4497 2853 4547 28
2889 4492 3049 4547 Dind.

561 4585 738 4636 ταῦτα
753 4585 1010 4655 Χοσρόης
1028 4586 1442 4655 βεβουλευμένος
1463 4580 1800 4656 Ἰσδιγούναν
1822 4581 1898 4645 οἷς
1921 4584 2007 4640 ἐπὶ
2030 4588 2290 4659 πρεσβείᾳ
2315 4588 2485 4651 δῆθεν
2505 4590 2582 4653 τῷ
2606 4584 2752 4655 λόγῳ
2780 4582 2833 4642 ἐς
2850 4582 3054 4646 Βυζάν-

562 4695 684 4730 τιον
721 4678 918 4732 στέλλει
953 4678 1043 4730 καὶ
1082 4676 1207 4735 τοὺς
1243 4682 1471 4749 Περσῶν
1501 4676 1823 4748 ἀριστίνδην
1858 4680 2249 4751 ἀπολεξάμενος
2282 4680 2667 4736 πεντακοσίους
2698 4678 3052 4749 ξυνέπεμψεν.
