<?xml version="1.0" encoding="UTF-8"?>
<!DOCTYPE html PUBLIC "-//W3C//DTD XHTML 1.0 Transitional//EN"
    "http://www.w3.org/TR/xhtml1/DTD/xhtml1-transitional.dtd">
<html xmlns="http://www.w3.org/1999/xhtml" xml:lang="en" lang="en">
 <head>
  <title>
</title>
<meta http-equiv="Content-Type" content="text/html;charset=utf-8" />
  <meta name='ocr-system' content='tesseract 3.04.00' />
  <meta name='ocr-capabilities' content='ocr_page ocr_carea ocr_par ocr_line ocrx_word'/>
</head>
<body>
  <div class='ocr_page' id='page_1' title='image "./delegationibusr00btgoog_0045.png"; bbox 0 0 3400 5300; ppageno 0'>
   <div class='ocr_carea' id='block_1_1' title="bbox 1353 313 1775 374">
    <p class='ocr_par' dir='ltr' id='par_1_1' title="bbox 1353 313 1775 374">
     <span class='ocr_line' id='line_1_1' title="bbox 1353 313 1775 374; baseline 0 -18"><span class='ocrx_word' id='word_1_1' title='bbox 1353 313 1775 374; x_wconf 69' lang='lat'>-41—</span> 
     </span>
    </p>
   </div>
   <div class='ocr_carea' id='block_1_2' title="bbox 237 476 2812 1555">
    <p class='ocr_par' dir='ltr' id='par_1_2' title="bbox 237 476 2812 1555">
     <span class='ocr_line' id='line_1_2' title="bbox 322 476 2812 569; baseline 0.002 -27"><span class='ocrx_word' id='word_1_2' title='bbox 322 477 663 556; x_wconf 82' lang='lat' dir='ltr'><strong>misissent,</strong></span> <span class='ocrx_word' id='word_1_3' title='bbox 704 476 1078 545; x_wconf 88' lang='lat' dir='ltr'><strong>firmissimis</strong></span> <span class='ocrx_word' id='word_1_4' title='bbox 1108 479 1486 548; x_wconf 80' lang='lat' dir='ltr'><strong>testimoniis</strong></span> <span class='ocrx_word' id='word_1_5' title='bbox 1514 479 1948 547; x_wconf 86' lang='lat' dir='ltr'><strong>confirmatum</strong></span> <span class='ocrx_word' id='word_1_6' title='bbox 1981 487 2079 546; x_wconf 90' lang='lat' dir='ltr'><strong>est</strong></span> <span class='ocrx_word' id='word_1_7' title='bbox 2095 484 2159 561; x_wconf 90' lang='lat'><strong>¹),</strong></span> <span class='ocrx_word' id='word_1_8' title='bbox 2205 482 2261 547; x_wconf 89' lang='lat' dir='ltr'><strong>si</strong></span> <span class='ocrx_word' id='word_1_9' title='bbox 2297 489 2557 550; x_wconf 88' lang='lat' dir='ltr'><strong>senatus</strong></span> <span class='ocrx_word' id='word_1_10' title='bbox 2584 483 2812 569; x_wconf 88' lang='lat' dir='ltr'><strong>accipi-</strong></span> 
     </span>
     <span class='ocr_line' id='line_1_3' title="bbox 323 587 2812 676; baseline 0.003 -23"><span class='ocrx_word' id='word_1_11' title='bbox 323 587 494 654; x_wconf 85' lang='lat' dir='ltr'><strong>enda</strong></span> <span class='ocrx_word' id='word_1_12' title='bbox 548 607 710 655; x_wconf 86' lang='lat' dir='ltr'><strong>esse·</strong></span> <span class='ocrx_word' id='word_1_13' title='bbox 744 596 1108 671; x_wconf 87' lang='lat' dir='ltr'><strong>censuerat,</strong></span> <span class='ocrx_word' id='word_1_14' title='bbox 1165 589 1233 655; x_wconf 92' lang='lat' dir='ltr'><strong>in</strong></span> <span class='ocrx_word' id='word_1_15' title='bbox 1279 589 1591 674; x_wconf 83' lang='lat' dir='ltr'><strong>Capitolio</strong></span> <span class='ocrx_word' id='word_1_16' title='bbox 1647 589 1717 654; x_wconf 89' lang='lat' dir='ltr'><strong>in</strong></span> <span class='ocrx_word' id='word_1_17' title='bbox 1761 591 1928 656; x_wconf 87' lang='lat' dir='ltr'><strong>cella</strong></span> <span class='ocrx_word' id='word_1_18' title='bbox 1971 590 2143 656; x_wconf 90' lang='lat' dir='ltr'><strong>Iovis</strong></span> <span class='ocrx_word' id='word_1_19' title='bbox 2188 593 2408 676; x_wconf 87' lang='lat' dir='ltr'><strong>optimi</strong></span> <span class='ocrx_word' id='word_1_20' title='bbox 2452 595 2712 674; x_wconf 83' lang='lat' dir='ltr'><strong>maximi</strong></span> <span class='ocrx_word' id='word_1_21' title='bbox 2770 615 2812 660; x_wconf 98' lang='lat' dir='ltr'><strong>a</strong></span> 
     </span>
     <span class='ocr_line' id='line_1_4' title="bbox 319 698 2608 784; baseline 0.002 -20"><span class='ocrx_word' id='word_1_22' title='bbox 319 698 552 784; x_wconf 81' lang='lat' dir='ltr'><strong>legatis</strong></span> <span class='ocrx_word' id='word_1_23' title='bbox 594 699 804 784; x_wconf 88' lang='lat' dir='ltr'><strong>posita</strong></span> <span class='ocrx_word' id='word_1_24' title='bbox 824 719 1006 782; x_wconf 73' lang='lat' dir='ltr'><strong>esse,</strong></span> <span class='ocrx_word' id='word_1_25' title='bbox 1052 698 1273 765; x_wconf 87' lang='lat' dir='ltr'><strong>Livius</strong></span> <span class='ocrx_word' id='word_1_26' title='bbox 1313 698 1428 764; x_wconf 83' lang='lat' dir='ltr'><strong>alii</strong></span> <span class='ocrx_word' id='word_1_27' title='bbox 1471 698 1809 783; x_wconf 79' lang='lat' dir='ltr'><strong>scriptores</strong></span> <span class='ocrx_word' id='word_1_28' title='bbox 1852 698 2091 766; x_wconf 81' lang='lat' dir='ltr'><strong>diserte</strong></span> <span class='ocrx_word' id='word_1_29' title='bbox 2134 700 2608 779; x_wconf 75' lang='lat' dir='ltr'><strong>tradiderunt2).</strong></span> 
     </span>
     <span class='ocr_line' id='line_1_5' title="bbox 491 809 2811 879; baseline 0.003 -6"><span class='ocrx_word' id='word_1_30' title='bbox 491 809 652 875; x_wconf 85' lang='lat' dir='ltr'><strong>Item</strong></span> <span class='ocrx_word' id='word_1_31' title='bbox 696 809 829 876; x_wconf 88' lang='lat' dir='ltr'><strong>alia</strong></span> <span class='ocrx_word' id='word_1_32' title='bbox 870 829 1137 876; x_wconf 88' lang='lat' dir='ltr'><strong>munera</strong></span> <span class='ocrx_word' id='word_1_33' title='bbox 1173 811 1440 876; x_wconf 83' lang='lat' dir='ltr'><strong>Romam</strong></span> <span class='ocrx_word' id='word_1_34' title='bbox 1484 809 1682 876; x_wconf 86' lang='lat' dir='ltr'><strong>missa</strong></span> <span class='ocrx_word' id='word_1_35' title='bbox 1726 816 1791 875; x_wconf 86' lang='lat' dir='ltr'><strong>et</strong></span> <span class='ocrx_word' id='word_1_36' title='bbox 1833 810 2177 875; x_wconf 81' lang='lat' dir='ltr'><strong>Victoriam</strong></span> <span class='ocrx_word' id='word_1_37' title='bbox 2220 831 2480 876; x_wconf 82' lang='lat' dir='ltr'><strong>auream</strong></span> <span class='ocrx_word' id='word_1_38' title='bbox 2512 811 2811 879; x_wconf 89' lang='lat' dir='ltr'><strong>Hieronis</strong></span> 
     </span>
     <span class='ocr_line' id='line_1_6' title="bbox 237 919 2810 1008; baseline 0.001 -23"><span class='ocrx_word' id='word_1_39' title='bbox 237 969 244 974; x_wconf 76' lang='lat'><strong>.</strong></span> <span class='ocrx_word' id='word_1_40' title='bbox 291 925 386 985; x_wconf 82' lang='lat' dir='ltr'><strong>et</strong></span> <span class='ocrx_word' id='word_1_41' title='bbox 413 923 620 1004; x_wconf 84' lang='grc' dir='ltr'><strong><em>Νίκην</em></strong></span> <span class='ocrx_word' id='word_1_42' title='bbox 649 920 892 1008; x_wconf 84' lang='grc' dir='ltr'><strong><em>χρυσῆν</em></strong></span> <span class='ocrx_word' id='word_1_43' title='bbox 922 920 1291 1004; x_wconf 83' lang='lat' dir='ltr'><strong>Tryphonis</strong></span> <span class='ocrx_word' id='word_1_44' title='bbox 1321 919 1533 998; x_wconf 88' lang='lat' dir='ltr'><strong>(Diod.</strong></span> <span class='ocrx_word' id='word_1_45' title='bbox 1566 920 1887 1002; x_wconf 90' lang='lat' dir='ltr'>XXXIII,</span> <span class='ocrx_word' id='word_1_46' title='bbox 1920 923 2059 995; x_wconf 74' lang='lat'>28⁸)</span> <span class='ocrx_word' id='word_1_47' title='bbox 2074 921 2119 994; x_wconf 83' lang='lat'><strong>³)</strong></span> <span class='ocrx_word' id='word_1_48' title='bbox 2152 926 2216 987; x_wconf 91' lang='lat' dir='ltr'><strong>et</strong></span> <span class='ocrx_word' id='word_1_49' title='bbox 2244 921 2517 1006; x_wconf 91' lang='lat' dir='ltr'><strong>clipeum</strong></span> <span class='ocrx_word' id='word_1_50' title='bbox 2547 941 2810 988; x_wconf 83' lang='lat' dir='ltr'><strong>aureum</strong></span> 
     </span>
     <span class='ocr_line' id='line_1_7' title="bbox 320 1015 2810 1114; baseline 0.001 -21"><span class='ocrx_word' id='word_1_51' title='bbox 320 1028 699 1095; x_wconf 89' lang='lat' dir='ltr'><strong>Iudaeorum</strong></span> <span class='ocrx_word' id='word_1_52' title='bbox 744 1015 891 1102; x_wconf 83' lang='lat' dir='ltr'><strong>(Ios.</strong></span> <span class='ocrx_word' id='word_1_53' title='bbox 936 1031 1014 1095; x_wconf 91' lang='lat' dir='ltr'><strong>A.</strong></span> <span class='ocrx_word' id='word_1_54' title='bbox 1060 1025 1110 1095; x_wconf 89' lang='lat' dir='ltr'>I.</span> <span class='ocrx_word' id='word_1_55' title='bbox 1157 1029 1334 1111; x_wconf 90' lang='lat' dir='ltr'>XIV,</span> <span class='ocrx_word' id='word_1_56' title='bbox 1383 1033 1444 1110; x_wconf 86' lang='lat'><strong>8,</strong></span> <span class='ocrx_word' id='word_1_57' title='bbox 1490 1034 1553 1108; x_wconf 90' lang='lat'><strong>5)</strong></span> <span class='ocrx_word' id='word_1_58' title='bbox 1594 1030 1793 1112; x_wconf 80' lang='lat' dir='ltr'><strong>legati</strong></span> <span class='ocrx_word' id='word_1_59' title='bbox 1846 1030 1913 1095; x_wconf 91' lang='lat' dir='ltr'><strong>in</strong></span> <span class='ocrx_word' id='word_1_60' title='bbox 1960 1030 2124 1096; x_wconf 85' lang='lat' dir='ltr'><strong>cella</strong></span> <span class='ocrx_word' id='word_1_61' title='bbox 2167 1030 2338 1096; x_wconf 87' lang='lat' dir='ltr'><strong>Iovis</strong></span> <span class='ocrx_word' id='word_1_62' title='bbox 2381 1031 2451 1095; x_wconf 89' lang='lat' dir='ltr'><strong>in</strong></span> <span class='ocrx_word' id='word_1_63' title='bbox 2495 1027 2810 1114; x_wconf 82' lang='lat' dir='ltr'><strong>Capitolio</strong></span> 
     </span>
     <span class='ocr_line' id='line_1_8' title="bbox 320 1137 2809 1225; baseline 0.002 -21"><span class='ocrx_word' id='word_1_64' title='bbox 320 1143 741 1222; x_wconf 74' lang='lat' dir='ltr'><strong>posuerunt⁴).</strong></span> <span class='ocrx_word' id='word_1_65' title='bbox 809 1137 939 1206; x_wconf 86' lang='lat' dir='ltr'><strong>Sed</strong></span> <span class='ocrx_word' id='word_1_66' title='bbox 982 1141 1036 1205; x_wconf 88' lang='lat' dir='ltr'><strong>si</strong></span> <span class='ocrx_word' id='word_1_67' title='bbox 1079 1147 1336 1224; x_wconf 86' lang='lat' dir='ltr'><strong>pateras</strong></span> <span class='ocrx_word' id='word_1_68' title='bbox 1379 1146 1491 1206; x_wconf 85' lang='lat' dir='ltr'><strong>aut</strong></span> <span class='ocrx_word' id='word_1_69' title='bbox 1519 1160 1678 1206; x_wconf 87' lang='lat' dir='ltr'><strong>vasa</strong></span> <span class='ocrx_word' id='word_1_70' title='bbox 1706 1141 1905 1223; x_wconf 85' lang='lat' dir='ltr'><strong>legati</strong></span> <span class='ocrx_word' id='word_1_71' title='bbox 1920 1141 1964 1218; x_wconf 81' lang='lat'><strong>⁸)</strong></span> <span class='ocrx_word' id='word_1_72' title='bbox 1993 1139 2302 1225; x_wconf 86' lang='lat' dir='ltr'><strong>ferebant,</strong></span> <span class='ocrx_word' id='word_1_73' title='bbox 2349 1160 2428 1207; x_wconf 88' lang='lat' dir='ltr'><strong>ca</strong></span> <span class='ocrx_word' id='word_1_74' title='bbox 2456 1160 2752 1208; x_wconf 88' lang='lat' dir='ltr'><strong>censores</strong></span> <span class='ocrx_word' id='word_1_75' title='bbox 2764 1141 2809 1220; x_wconf 84' lang='lat'><strong>⁶)</strong></span> 
     </span>
     <span class='ocr_line' id='line_1_9' title="bbox 317 1248 2807 1336; baseline 0 -21"><span class='ocrx_word' id='word_1_76' title='bbox 317 1249 722 1332; x_wconf 76' lang='lat' dir='ltr'><strong>accipiebant</strong></span> <span class='ocrx_word' id='word_1_77' title='bbox 764 1255 828 1316; x_wconf 91' lang='lat' dir='ltr'><strong>et</strong></span> <span class='ocrx_word' id='word_1_78' title='bbox 872 1268 953 1316; x_wconf 85' lang='lat' dir='ltr'><strong>ex</strong></span> <span class='ocrx_word' id='word_1_79' title='bbox 996 1248 1258 1316; x_wconf 83' lang='lat' dir='ltr'><strong>arbitrio</strong></span> <span class='ocrx_word' id='word_1_80' title='bbox 1300 1249 1369 1314; x_wconf 92' lang='lat' dir='ltr'><strong>in</strong></span> <span class='ocrx_word' id='word_1_81' title='bbox 1411 1249 1668 1334; x_wconf 88' lang='lat' dir='ltr'><strong>templis</strong></span> <span class='ocrx_word' id='word_1_82' title='bbox 1710 1249 1779 1314; x_wconf 90' lang='lat' dir='ltr'><strong>in</strong></span> <span class='ocrx_word' id='word_1_83' title='bbox 1822 1249 2050 1332; x_wconf 88' lang='lat' dir='ltr'><strong>quibus</strong></span> <span class='ocrx_word' id='word_1_84' title='bbox 2092 1250 2416 1318; x_wconf 84' lang='lat' dir='ltr'><strong>videretur</strong></span> <span class='ocrx_word' id='word_1_85' title='bbox 2462 1251 2807 1336; x_wconf 88' lang='lat' dir='ltr'><strong>ponebant.</strong></span> 
     </span>
     <span class='ocr_line' id='line_1_10' title="bbox 488 1357 2807 1443; baseline 0.001 -19"><span class='ocrx_word' id='word_1_86' title='bbox 488 1360 782 1443; x_wconf 91' lang='lat' dir='ltr'><strong>Denique</strong></span> <span class='ocrx_word' id='word_1_87' title='bbox 850 1360 906 1425; x_wconf 89' lang='lat' dir='ltr'><strong>si</strong></span> <span class='ocrx_word' id='word_1_88' title='bbox 970 1359 1124 1425; x_wconf 72' lang='lat' dir='ltr'><strong>socii</strong></span> <span class='ocrx_word' id='word_1_89' title='bbox 1177 1379 1445 1424; x_wconf 82' lang='lat' dir='ltr'><strong>munera</strong></span> <span class='ocrx_word' id='word_1_90' title='bbox 1499 1357 1682 1424; x_wconf 88' lang='lat' dir='ltr'><strong>utilia</strong></span> <span class='ocrx_word' id='word_1_91' title='bbox 1739 1358 1806 1422; x_wconf 89' lang='lat' dir='ltr'><strong>in</strong></span> <span class='ocrx_word' id='word_1_92' title='bbox 1864 1358 2035 1424; x_wconf 91' lang='lat' dir='ltr'><strong>bello</strong></span> <span class='ocrx_word' id='word_1_93' title='bbox 2091 1359 2373 1443; x_wconf 86' lang='lat' dir='ltr'><strong>gerendo</strong></span> <span class='ocrx_word' id='word_1_94' title='bbox 2431 1360 2807 1443; x_wconf 86' lang='lat' dir='ltr'><strong>afferebant,</strong></span> 
     </span>
     <span class='ocr_line' id='line_1_11' title="bbox 321 1467 2806 1555; baseline -0.001 -19"><span class='ocrx_word' id='word_1_95' title='bbox 321 1487 401 1536; x_wconf 89' lang='lat' dir='ltr'><strong>ea</strong></span> <span class='ocrx_word' id='word_1_96' title='bbox 441 1469 528 1542; x_wconf 90' lang='lat' dir='ltr'><strong>ad</strong></span> <span class='ocrx_word' id='word_1_97' title='bbox 571 1471 1015 1555; x_wconf 84' lang='lat' dir='ltr'><strong>imperatorem</strong></span> <span class='ocrx_word' id='word_1_98' title='bbox 1059 1468 1418 1534; x_wconf 88' lang='lat' dir='ltr'><strong>Romanum</strong></span> <span class='ocrx_word' id='word_1_99' title='bbox 1475 1467 1814 1552; x_wconf 86' lang='lat' dir='ltr'><strong>deportata</strong></span> <span class='ocrx_word' id='word_1_100' title='bbox 1858 1487 2028 1551; x_wconf 74' lang='lat' dir='ltr'><strong>esne,</strong></span> <span class='ocrx_word' id='word_1_101' title='bbox 2081 1489 2197 1554; x_wconf 88' lang='lat' dir='ltr'><strong>per</strong></span> <span class='ocrx_word' id='word_1_102' title='bbox 2240 1490 2311 1537; x_wconf 89' lang='lat' dir='ltr'><strong>se</strong></span> <span class='ocrx_word' id='word_1_103' title='bbox 2352 1470 2806 1554; x_wconf 86' lang='lat' dir='ltr'><strong>intelligitur⁷).</strong></span> 
     </span>
    </p>
   </div>
   <div class='ocr_carea' id='block_1_3' title="bbox 313 1596 2809 2340">
    <p class='ocr_par' dir='ltr' id='par_1_3' title="bbox 486 1596 1328 1679">
     <span class='ocr_line' id='line_1_12' title="bbox 486 1596 1328 1679; baseline -0.002 -18"><span class='ocrx_word' id='word_1_104' title='bbox 486 1596 549 1661; x_wconf 83' lang='lat' dir='ltr'><strong>b&#39;.</strong></span> <span class='ocrx_word' id='word_1_105' title='bbox 593 1596 701 1661; x_wconf 84' lang='lat' dir='ltr'><strong>De</strong></span> <span class='ocrx_word' id='word_1_106' title='bbox 743 1616 1062 1660; x_wconf 80' lang='lat' dir='ltr'><strong>munerum</strong></span> <span class='ocrx_word' id='word_1_107' title='bbox 1095 1597 1328 1679; x_wconf 73' lang='lat' dir='ltr'><strong>pretia.</strong></span> 
     </span>
    </p>

    <p class='ocr_par' dir='ltr' id='par_1_4' title="bbox 313 1703 2809 2340">
     <span class='ocr_line' id='line_1_13' title="bbox 487 1703 2809 1791; baseline 0.001 -19"><span class='ocrx_word' id='word_1_108' title='bbox 487 1705 776 1773; x_wconf 84' lang='lat' dir='ltr'><strong>Gratiam</strong></span> <span class='ocrx_word' id='word_1_109' title='bbox 831 1707 1112 1788; x_wconf 87' lang='lat' dir='ltr'><strong>aliquam</strong></span> <span class='ocrx_word' id='word_1_110' title='bbox 1169 1725 1210 1770; x_wconf 89' lang='lat' dir='ltr'><strong>a</strong></span> <span class='ocrx_word' id='word_1_111' title='bbox 1263 1703 1624 1789; x_wconf 84' lang='lat' dir='ltr'><strong>legentibus</strong></span> <span class='ocrx_word' id='word_1_112' title='bbox 1679 1705 1945 1771; x_wconf 89' lang='lat' dir='ltr'><strong>inituros</strong></span> <span class='ocrx_word' id='word_1_113' title='bbox 1999 1726 2117 1773; x_wconf 91' lang='lat' dir='ltr'><strong>nos</strong></span> <span class='ocrx_word' id='word_1_114' title='bbox 2172 1726 2529 1791; x_wconf 71' lang='lat' dir='ltr'><strong>speramus,</strong></span> <span class='ocrx_word' id='word_1_115' title='bbox 2588 1708 2643 1774; x_wconf 89' lang='lat' dir='ltr'><strong>si</strong></span> <span class='ocrx_word' id='word_1_116' title='bbox 2688 1709 2809 1774; x_wconf 90' lang='lat' dir='ltr'><strong>hoc</strong></span> 
     </span>
     <span class='ocr_line' id='line_1_14' title="bbox 314 1815 2809 1898; baseline 0.001 -18"><span class='ocrx_word' id='word_1_117' title='bbox 314 1816 458 1882; x_wconf 92' lang='lat' dir='ltr'><strong>loco</strong></span> <span class='ocrx_word' id='word_1_118' title='bbox 502 1817 781 1882; x_wconf 90' lang='lat' dir='ltr'><strong>omnium</strong></span> <span class='ocrx_word' id='word_1_119' title='bbox 827 1817 1158 1898; x_wconf 86' lang='lat' dir='ltr'><strong>donorum,</strong></span> <span class='ocrx_word' id='word_1_120' title='bbox 1203 1835 1367 1898; x_wconf 88' lang='lat' dir='ltr'><strong>quae</strong></span> <span class='ocrx_word' id='word_1_121' title='bbox 1424 1815 1659 1882; x_wconf 87' lang='lat' dir='ltr'><strong>scimus</strong></span> <span class='ocrx_word' id='word_1_122' title='bbox 1691 1816 1963 1882; x_wconf 89' lang='lat' dir='ltr'><strong>Romam</strong></span> <span class='ocrx_word' id='word_1_123' title='bbox 2008 1835 2150 1882; x_wconf 88' lang='lat' dir='ltr'><strong>esse</strong></span> <span class='ocrx_word' id='word_1_124' title='bbox 2191 1816 2345 1898; x_wconf 90' lang='lat' dir='ltr'><strong>lata,</strong></span> <span class='ocrx_word' id='word_1_125' title='bbox 2391 1823 2455 1882; x_wconf 91' lang='lat' dir='ltr'><strong>et</strong></span> <span class='ocrx_word' id='word_1_126' title='bbox 2496 1816 2809 1883; x_wconf 87' lang='lat' dir='ltr'><strong>rationem</strong></span> 
     </span>
     <span class='ocr_line' id='line_1_15' title="bbox 315 1924 2809 2010; baseline 0 -18"><span class='ocrx_word' id='word_1_127' title='bbox 315 1932 381 1992; x_wconf 89' lang='lat' dir='ltr'><strong>et</strong></span> <span class='ocrx_word' id='word_1_128' title='bbox 434 1926 707 2010; x_wconf 90' lang='lat' dir='ltr'><strong>pretium</strong></span> <span class='ocrx_word' id='word_1_129' title='bbox 749 1927 840 1991; x_wconf 87' lang='lat' dir='ltr'><strong>ita</strong></span> <span class='ocrx_word' id='word_1_130' title='bbox 885 1924 1350 2004; x_wconf 87' lang='lat' dir='ltr'><strong>enarrabimus,</strong></span> <span class='ocrx_word' id='word_1_131' title='bbox 1416 1932 1485 1991; x_wconf 92' lang='lat' dir='ltr'><strong>ut</strong></span> <span class='ocrx_word' id='word_1_132' title='bbox 1525 1945 1656 1992; x_wconf 91' lang='lat' dir='ltr'><strong>non</strong></span> <span class='ocrx_word' id='word_1_133' title='bbox 1700 1926 1906 1992; x_wconf 88' lang='lat' dir='ltr'><strong>solum</strong></span> <span class='ocrx_word' id='word_1_134' title='bbox 1950 1925 2037 1991; x_wconf 83' lang='lat' dir='ltr'><strong>ad</strong></span> <span class='ocrx_word' id='word_1_135' title='bbox 2080 1927 2541 2010; x_wconf 85' lang='lat' dir='ltr'><strong>Romanorum,</strong></span> <span class='ocrx_word' id='word_1_136' title='bbox 2587 1945 2809 1992; x_wconf 87' lang='lat' dir='ltr'><strong>verum</strong></span> 
     </span>
     <span class='ocr_line' id='line_1_16' title="bbox 315 2035 2809 2121; baseline 0 -19"><span class='ocrx_word' id='word_1_137' title='bbox 315 2035 509 2102; x_wconf 89' lang='lat' dir='ltr'><strong>etiam</strong></span> <span class='ocrx_word' id='word_1_138' title='bbox 552 2035 639 2102; x_wconf 88' lang='lat' dir='ltr'><strong>ad</strong></span> <span class='ocrx_word' id='word_1_139' title='bbox 681 2042 966 2102; x_wconf 88' lang='lat' dir='ltr'><strong>nostram</strong></span> <span class='ocrx_word' id='word_1_140' title='bbox 997 2035 1410 2119; x_wconf 90' lang='lat' dir='ltr'><strong>pecuniarum</strong></span> <span class='ocrx_word' id='word_1_141' title='bbox 1439 2035 1751 2101; x_wconf 87' lang='lat' dir='ltr'><strong>rationem</strong></span> <span class='ocrx_word' id='word_1_142' title='bbox 1782 2055 1987 2120; x_wconf 86' lang='lat' dir='ltr'><strong>nuper</strong></span> <span class='ocrx_word' id='word_1_143' title='bbox 2014 2037 2421 2103; x_wconf 86' lang='lat' dir='ltr'><strong>constitutam</strong></span> <span class='ocrx_word' id='word_1_144' title='bbox 2448 2043 2809 2121; x_wconf 89' lang='lat' dir='ltr'><strong>respectum</strong></span> 
     </span>
     <span class='ocr_line' id='line_1_17' title="bbox 315 2145 2808 2230; baseline -0.001 -19"><span class='ocrx_word' id='word_1_145' title='bbox 315 2146 685 2212; x_wconf 86' lang='lat' dir='ltr'><strong>habeamus.</strong></span> <span class='ocrx_word' id='word_1_146' title='bbox 787 2145 929 2224; x_wconf 82' lang='lat' dir='ltr'><strong>Qua</strong></span> <span class='ocrx_word' id='word_1_147' title='bbox 985 2146 1054 2209; x_wconf 91' lang='lat' dir='ltr'><strong>in</strong></span> <span class='ocrx_word' id='word_1_148' title='bbox 1108 2164 1180 2210; x_wconf 90' lang='lat' dir='ltr'><strong>re</strong></span> <span class='ocrx_word' id='word_1_149' title='bbox 1223 2145 1683 2222; x_wconf 80' lang='lat' dir='ltr'><strong>Hultschium⁰)</strong></span> <span class='ocrx_word' id='word_1_150' title='bbox 1750 2151 2087 2228; x_wconf 85' lang='lat' dir='ltr'><strong>sequentes</strong></span> <span class='ocrx_word' id='word_1_151' title='bbox 2143 2166 2261 2212; x_wconf 90' lang='lat' dir='ltr'><strong>nos</strong></span> <span class='ocrx_word' id='word_1_152' title='bbox 2307 2147 2454 2209; x_wconf 77' lang='lat' dir='ltr'><strong>auri</strong></span> <span class='ocrx_word' id='word_1_153' title='bbox 2482 2147 2730 2230; x_wconf 80' lang='lat' dir='ltr'><strong>pondus</strong></span> <span class='ocrx_word' id='word_1_154' title='bbox 2774 2166 2808 2209; x_wconf 84' lang='lat' dir='ltr'><strong>e</strong></span> 
     </span>
     <span class='ocr_line' id='line_1_18' title="bbox 313 2253 2807 2340; baseline 0 -22"><span class='ocrx_word' id='word_1_155' title='bbox 313 2255 430 2318; x_wconf 89' lang='lat' dir='ltr'>IV</span> <span class='ocrx_word' id='word_1_156' title='bbox 460 2253 728 2318; x_wconf 75' lang='lat' dir='ltr'><strong>millibus</strong></span> <span class='ocrx_word' id='word_1_157' title='bbox 755 2253 899 2328; x_wconf 87' lang='lat' dir='ltr'><strong>HS,</strong></span> <span class='ocrx_word' id='word_1_158' title='bbox 947 2255 1240 2317; x_wconf 81' lang='lat' dir='ltr'><strong>talentum</strong></span> <span class='ocrx_word' id='word_1_159' title='bbox 1285 2275 1319 2317; x_wconf 85' lang='lat' dir='ltr'><strong>e</strong></span> <span class='ocrx_word' id='word_1_160' title='bbox 1353 2255 1573 2337; x_wconf 72' lang='lat' dir='ltr'><strong>viyinti</strong></span> <span class='ocrx_word' id='word_1_161' title='bbox 1601 2263 1900 2340; x_wconf 80' lang='lat' dir='ltr'><strong>quattuor</strong></span> <span class='ocrx_word' id='word_1_162' title='bbox 1929 2253 2197 2318; x_wconf 76' lang='lat' dir='ltr'><strong>millibus</strong></span> <span class='ocrx_word' id='word_1_163' title='bbox 2226 2253 2363 2329; x_wconf 74' lang='lat' dir='ltr'><strong>Hs,</strong></span> <span class='ocrx_word' id='word_1_164' title='bbox 2409 2255 2807 2339; x_wconf 74' lang='lat' dir='ltr'><strong>Philippeum</strong></span> 
     </span>
    </p>
   </div>
   <div class='ocr_carea' id='block_1_4' title="bbox 311 2363 2805 2670">
    <p class='ocr_par' dir='ltr' id='par_1_5' title="bbox 311 2363 2805 2670">
     <span class='ocr_line' id='line_1_19' title="bbox 313 2363 2805 2449; baseline 0 -19"><span class='ocrx_word' id='word_1_165' title='bbox 313 2387 350 2430; x_wconf 84' lang='lat' dir='ltr'><strong>e</strong></span> <span class='ocrx_word' id='word_1_166' title='bbox 393 2366 648 2430; x_wconf 64' lang='lat' dir='ltr'><strong>cmiter</strong></span> <span class='ocrx_word' id='word_1_167' title='bbox 689 2364 1029 2447; x_wconf 71' lang='lat' dir='ltr'><strong>nonayinta</strong></span> <span class='ocrx_word' id='word_1_168' title='bbox 1090 2373 1325 2449; x_wconf 75' lang='lat' dir='ltr'><strong>septem</strong></span> <span class='ocrx_word' id='word_1_169' title='bbox 1396 2363 1518 2428; x_wconf 85' lang='lat' dir='ltr'><strong>HS</strong></span> <span class='ocrx_word' id='word_1_170' title='bbox 1579 2371 1874 2431; x_wconf 86' lang='lat' dir='ltr'><strong>constare</strong></span> <span class='ocrx_word' id='word_1_171' title='bbox 1936 2366 2232 2449; x_wconf 87' lang='lat' dir='ltr'><strong>ponimus</strong></span> <span class='ocrx_word' id='word_1_172' title='bbox 2304 2371 2497 2447; x_wconf 89' lang='lat' dir='ltr'><strong>atque</strong></span> <span class='ocrx_word' id='word_1_173' title='bbox 2568 2366 2660 2431; x_wconf 89' lang='lat' dir='ltr'><strong>ita</strong></span> <span class='ocrx_word' id='word_1_174' title='bbox 2723 2385 2805 2432; x_wconf 84' lang='lat' dir='ltr'><strong>ex</strong></span> 
     </span>
     <span class='ocr_line' id='line_1_20' title="bbox 311 2473 2804 2560; baseline 0.001 -20"><span class='ocrx_word' id='word_1_175' title='bbox 311 2474 635 2540; x_wconf 89' lang='lat' dir='ltr'><strong>Hultschii</strong></span> <span class='ocrx_word' id='word_1_176' title='bbox 690 2475 910 2540; x_wconf 90' lang='lat' dir='ltr'><strong>tabula</strong></span> <span class='ocrx_word' id='word_1_177' title='bbox 965 2473 1151 2555; x_wconf 91' lang='lat' dir='ltr'>XIX,</span> <span class='ocrx_word' id='word_1_178' title='bbox 1209 2494 1272 2557; x_wconf 92' lang='lat' dir='ltr'><strong>p.</strong></span> <span class='ocrx_word' id='word_1_179' title='bbox 1321 2476 1443 2539; x_wconf 86' lang='lat'><strong>313</strong></span> <span class='ocrx_word' id='word_1_180' title='bbox 1501 2475 1975 2542; x_wconf 88' lang='lat' dir='ltr'><strong>accuratissime</strong></span> <span class='ocrx_word' id='word_1_181' title='bbox 2030 2475 2379 2560; x_wconf 89' lang='lat' dir='ltr'><strong>composita</strong></span> <span class='ocrx_word' id='word_1_182' title='bbox 2435 2475 2804 2542; x_wconf 85' lang='lat' dir='ltr'><strong>haurientes</strong></span> 
     </span>
     <span class='ocr_line' id='line_1_21' title="bbox 311 2583 1547 2670; baseline -0.004 -17"><span class='ocrx_word' id='word_1_183' title='bbox 311 2587 397 2653; x_wconf 88' lang='lat' dir='ltr'><strong>ad</strong></span> <span class='ocrx_word' id='word_1_184' title='bbox 440 2594 719 2652; x_wconf 85' lang='lat' dir='ltr'><strong>nostram</strong></span> <span class='ocrx_word' id='word_1_185' title='bbox 766 2585 1078 2651; x_wconf 88' lang='lat' dir='ltr'><strong>rationem</strong></span> <span class='ocrx_word' id='word_1_186' title='bbox 1121 2583 1547 2670; x_wconf 87' lang='lat' dir='ltr'><strong>pervenimus.</strong></span> 
     </span>
    </p>
   </div>
   <div class='ocr_carea' id='block_1_5' title="bbox 305 2776 2806 3684">
    <p class='ocr_par' dir='ltr' id='par_1_6' title="bbox 305 2776 2806 3684">
     <span class='ocr_line' id='line_1_22' title="bbox 451 2776 2803 2846; baseline -0 -13"><span class='ocrx_word' id='word_1_187' title='bbox 451 2782 503 2846; x_wconf 89' lang='lat'><strong>1)</strong></span> <span class='ocrx_word' id='word_1_188' title='bbox 537 2778 596 2833; x_wconf 81' lang='lat' dir='ltr'><strong>C.</strong></span> <span class='ocrx_word' id='word_1_189' title='bbox 627 2778 673 2833; x_wconf 94' lang='lat' dir='ltr'>I.</span> <span class='ocrx_word' id='word_1_190' title='bbox 711 2778 805 2833; x_wconf 85' lang='lat' dir='ltr'><strong>Gr.</strong></span> <span class='ocrx_word' id='word_1_191' title='bbox 842 2782 992 2844; x_wconf 86' lang='lat'>5880,</span> <span class='ocrx_word' id='word_1_192' title='bbox 1028 2780 1177 2831; x_wconf 86' lang='grc'><strong>5881.</strong></span> <span class='ocrx_word' id='word_1_193' title='bbox 1247 2778 1353 2833; x_wconf 89' lang='lat' dir='ltr'><strong>Ios.</strong></span> <span class='ocrx_word' id='word_1_194' title='bbox 1389 2777 1454 2830; x_wconf 87' lang='lat' dir='ltr'><strong>A.</strong></span> <span class='ocrx_word' id='word_1_195' title='bbox 1492 2776 1534 2831; x_wconf 92' lang='lat'><strong>1.</strong></span> <span class='ocrx_word' id='word_1_196' title='bbox 1569 2777 1717 2845; x_wconf 86' lang='lat' dir='ltr'>XIV,</span> <span class='ocrx_word' id='word_1_197' title='bbox 1752 2782 1799 2831; x_wconf 89' lang='lat'><strong>3.</strong></span> <span class='ocrx_word' id='word_1_198' title='bbox 1842 2784 1886 2832; x_wconf 85' lang='lat'><strong>1.</strong></span> <span class='ocrx_word' id='word_1_199' title='bbox 1940 2776 2100 2834; x_wconf 89' lang='lat' dir='ltr'><strong>Diod.</strong></span> <span class='ocrx_word' id='word_1_200' title='bbox 2134 2776 2390 2844; x_wconf 87' lang='lat' dir='ltr'>XXXIII,</span> <span class='ocrx_word' id='word_1_201' title='bbox 2427 2780 2491 2831; x_wconf 87' lang='lat'><strong>28</strong></span> <span class='ocrx_word' id='word_1_202' title='bbox 2530 2783 2662 2831; x_wconf 81' lang='lat' dir='ltr'><strong>extr.</strong></span> <span class='ocrx_word' id='word_1_203' title='bbox 2697 2777 2803 2832; x_wconf 92' lang='lat' dir='ltr'><strong>Dd.</strong></span> 
     </span>
     <span class='ocr_line' id='line_1_23' title="bbox 312 2868 2804 2940; baseline -0 -13"><span class='ocrx_word' id='word_1_204' title='bbox 312 2874 363 2937; x_wconf 84' lang='grc'><strong>2)</strong></span> <span class='ocrx_word' id='word_1_205' title='bbox 397 2872 456 2926; x_wconf 89' lang='lat' dir='ltr'><strong>in</strong></span> <span class='ocrx_word' id='word_1_206' title='bbox 491 2872 628 2927; x_wconf 86' lang='lat' dir='ltr'><strong>cella</strong></span> <span class='ocrx_word' id='word_1_207' title='bbox 663 2872 703 2925; x_wconf 94' lang='lat' dir='ltr'>I.</span> <span class='ocrx_word' id='word_1_208' title='bbox 741 2872 805 2927; x_wconf 92' lang='grc' dir='ltr'><strong>Ο.</strong></span> <span class='ocrx_word' id='word_1_209' title='bbox 841 2872 916 2925; x_wconf 88' lang='grc' dir='ltr'><strong>Μ.</strong></span> <span class='ocrx_word' id='word_1_210' title='bbox 951 2869 1086 2937; x_wconf 79' lang='lat' dir='ltr'><strong>(Liv.</strong></span> <span class='ocrx_word' id='word_1_211' title='bbox 1106 2869 1226 2936; x_wconf 91' lang='lat' dir='ltr'>VII,</span> <span class='ocrx_word' id='word_1_212' title='bbox 1263 2874 1343 2925; x_wconf 87' lang='lat'><strong>38.</strong></span> <span class='ocrx_word' id='word_1_213' title='bbox 1388 2869 1583 2932; x_wconf 87' lang='lat' dir='ltr'>XLIV,</span> <span class='ocrx_word' id='word_1_214' title='bbox 1609 2875 1682 2925; x_wconf 85' lang='lat'><strong>14.</strong></span> <span class='ocrx_word' id='word_1_215' title='bbox 1733 2870 1845 2925; x_wconf 82' lang='lat' dir='ltr'><strong>Cic.</strong></span> <span class='ocrx_word' id='word_1_216' title='bbox 1862 2871 2016 2926; x_wconf 87' lang='lat' dir='ltr'><strong>Verr.</strong></span> <span class='ocrx_word' id='word_1_217' title='bbox 2052 2871 2123 2938; x_wconf 90' lang='lat' dir='ltr'><strong>H,</strong></span> <span class='ocrx_word' id='word_1_218' title='bbox 2152 2875 2198 2923; x_wconf 81' lang='lat'><strong>4.</strong></span> <span class='ocrx_word' id='word_1_219' title='bbox 2224 2874 2305 2925; x_wconf 84' lang='lat'><strong>28.</strong></span> <span class='ocrx_word' id='word_1_220' title='bbox 2336 2874 2419 2933; x_wconf 87' lang='grc'><strong>64)</strong></span> <span class='ocrx_word' id='word_1_221' title='bbox 2456 2870 2512 2924; x_wconf 91' lang='lat' dir='ltr'><strong>in</strong></span> <span class='ocrx_word' id='word_1_222' title='bbox 2538 2868 2804 2940; x_wconf 84' lang='lat' dir='ltr'><strong>Capitolio</strong></span> 
     </span>
     <span class='ocr_line' id='line_1_24' title="bbox 310 2962 2803 3033; baseline -0.001 -12"><span class='ocrx_word' id='word_1_223' title='bbox 310 2966 447 3033; x_wconf 78' lang='lat' dir='ltr'><strong>(Liv.</strong></span> <span class='ocrx_word' id='word_1_224' title='bbox 484 2966 553 3033; x_wconf 88' lang='lat'><strong>11,</strong></span> <span class='ocrx_word' id='word_1_225' title='bbox 590 2970 673 3031; x_wconf 84' lang='lat'><strong>23,</strong></span> <span class='ocrx_word' id='word_1_226' title='bbox 717 2965 815 3030; x_wconf 90' lang='grc' dir='ltr'><strong>ΙΠ,</strong></span> <span class='ocrx_word' id='word_1_227' title='bbox 851 2968 933 3019; x_wconf 81' lang='lat'><strong>57.</strong></span> <span class='ocrx_word' id='word_1_228' title='bbox 980 2962 1155 3027; x_wconf 90' lang='lat' dir='ltr'>XXII,</span> <span class='ocrx_word' id='word_1_229' title='bbox 1192 2967 1274 3017; x_wconf 81' lang='lat'><strong>37.</strong></span> <span class='ocrx_word' id='word_1_230' title='bbox 1320 2962 1573 3030; x_wconf 88' lang='lat' dir='ltr'>XXVIII,</span> <span class='ocrx_word' id='word_1_231' title='bbox 1609 2967 1692 3017; x_wconf 86' lang='grc'><strong>39.</strong></span> <span class='ocrx_word' id='word_1_232' title='bbox 1727 2962 1955 3029; x_wconf 83' lang='grc' dir='ltr'><strong>ΧΧΧΠ,</strong></span> <span class='ocrx_word' id='word_1_233' title='bbox 1990 2968 2072 3018; x_wconf 84' lang='lat'><strong>27.</strong></span> <span class='ocrx_word' id='word_1_234' title='bbox 2108 2963 2360 3028; x_wconf 87' lang='lat' dir='ltr'>XXXVI,</span> <span class='ocrx_word' id='word_1_235' title='bbox 2396 2967 2478 3017; x_wconf 80' lang='lat'><strong>35.</strong></span> <span class='ocrx_word' id='word_1_236' title='bbox 2516 2962 2715 3026; x_wconf 85' lang='lat' dir='ltr'>XLIII,</span> <span class='ocrx_word' id='word_1_237' title='bbox 2752 2967 2803 3031; x_wconf 87' lang='lat'><strong>6)</strong></span> 
     </span>
     <span class='ocr_line' id='line_1_25' title="bbox 311 3052 2806 3125; baseline -0.002 -14"><span class='ocrx_word' id='word_1_238' title='bbox 311 3057 459 3117; x_wconf 79' lang='grc' dir='ltr'><em>ὅπως</em></span> <span class='ocrx_word' id='word_1_239' title='bbox 509 3057 584 3115; x_wconf 80' lang='grc' dir='ltr'><strong>εἰς</strong></span> <span class='ocrx_word' id='word_1_240' title='bbox 630 3057 693 3111; x_wconf 84' lang='grc' dir='ltr'><strong>τὸ</strong></span> <span class='ocrx_word' id='word_1_241' title='bbox 744 3054 1101 3109; x_wconf 78' lang='grc' dir='ltr'><em>Καπετώλιον</em></span> <span class='ocrx_word' id='word_1_242' title='bbox 1147 3072 1225 3125; x_wconf 83' lang='lat' dir='ltr'><strong>sq.</strong></span> <span class='ocrx_word' id='word_1_243' title='bbox 1281 3056 1413 3123; x_wconf 82' lang='lat' dir='ltr'><strong>(Set.</strong></span> <span class='ocrx_word' id='word_1_244' title='bbox 1459 3055 1528 3111; x_wconf 83' lang='lat' dir='ltr'><strong>de</strong></span> <span class='ocrx_word' id='word_1_245' title='bbox 1573 3054 1858 3109; x_wconf 78' lang='lat' dir='ltr'><strong>Thisbaeis</strong></span> <span class='ocrx_word' id='word_1_246' title='bbox 1902 3072 1953 3109; x_wconf 79' lang='lat' dir='ltr'><strong>v.</strong></span> <span class='ocrx_word' id='word_1_247' title='bbox 1999 3060 2102 3123; x_wconf 84' lang='lat'><strong>32).</strong></span> <span class='ocrx_word' id='word_1_248' title='bbox 2151 3054 2211 3109; x_wconf 83' lang='grc' dir='ltr'><strong>ἒν</strong></span> <span class='ocrx_word' id='word_1_249' title='bbox 2244 3060 2325 3123; x_wconf 80' lang='grc' dir='ltr'><strong>τῷ</strong></span> <span class='ocrx_word' id='word_1_250' title='bbox 2372 3052 2500 3123; x_wconf 75' lang='grc' dir='ltr'><em>ἱερῷ</em></span> <span class='ocrx_word' id='word_1_251' title='bbox 2546 3058 2641 3107; x_wconf 84' lang='grc' dir='ltr'><strong>τοῦ</strong></span> <span class='ocrx_word' id='word_1_252' title='bbox 2675 3054 2806 3112; x_wconf 81' lang='grc' dir='ltr'><em>Διὸς</em></span> 
     </span>
     <span class='ocr_line' id='line_1_26' title="bbox 307 3147 2803 3218; baseline -0.001 -14"><span class='ocrx_word' id='word_1_253' title='bbox 307 3154 408 3205; x_wconf 87' lang='grc' dir='ltr'><strong>τοῦ</strong></span> <span class='ocrx_word' id='word_1_254' title='bbox 444 3151 798 3205; x_wconf 82' lang='grc' dir='ltr'><strong><em>Καπετωλίου</em></strong></span> <span class='ocrx_word' id='word_1_255' title='bbox 833 3151 958 3216; x_wconf 84' lang='lat' dir='ltr'><strong>(Ios.</strong></span> <span class='ocrx_word' id='word_1_256' title='bbox 993 3151 1060 3204; x_wconf 92' lang='lat' dir='ltr'><strong>A.</strong></span> <span class='ocrx_word' id='word_1_257' title='bbox 1097 3150 1141 3202; x_wconf 93' lang='lat' dir='ltr'>I.</span> <span class='ocrx_word' id='word_1_258' title='bbox 1179 3148 1326 3215; x_wconf 90' lang='lat' dir='ltr'>XIV,</span> <span class='ocrx_word' id='word_1_259' title='bbox 1363 3153 1411 3202; x_wconf 90' lang='lat'><strong>3.</strong></span> <span class='ocrx_word' id='word_1_260' title='bbox 1456 3151 1515 3213; x_wconf 91' lang='grc'><strong>1).</strong></span> <span class='ocrx_word' id='word_1_261' title='bbox 1668 3149 1721 3212; x_wconf 89' lang='grc'><strong>3)</strong></span> <span class='ocrx_word' id='word_1_262' title='bbox 1763 3164 1811 3203; x_wconf 82' lang='lat' dir='ltr'><strong>v.</strong></span> <span class='ocrx_word' id='word_1_263' title='bbox 1849 3147 2007 3218; x_wconf 77' lang='lat' dir='ltr'><strong>Ryke</strong></span> <span class='ocrx_word' id='word_1_264' title='bbox 2040 3148 2107 3203; x_wconf 90' lang='lat' dir='ltr'><strong>de</strong></span> <span class='ocrx_word' id='word_1_265' title='bbox 2140 3147 2269 3217; x_wconf 80' lang='lat' dir='ltr'><strong>Cap.</strong></span> <span class='ocrx_word' id='word_1_266' title='bbox 2308 3164 2353 3203; x_wconf 90' lang='lat' dir='ltr'><strong>c.</strong></span> <span class='ocrx_word' id='word_1_267' title='bbox 2392 3152 2473 3214; x_wconf 82' lang='lat'><strong>23,</strong></span> <span class='ocrx_word' id='word_1_268' title='bbox 2510 3164 2561 3215; x_wconf 93' lang='lat' dir='ltr'><strong>p.</strong></span> <span class='ocrx_word' id='word_1_269' title='bbox 2602 3152 2698 3202; x_wconf 83' lang='lat'><strong>295</strong></span> <span class='ocrx_word' id='word_1_270' title='bbox 2725 3164 2803 3217; x_wconf 86' lang='lat' dir='ltr'><strong>sq.</strong></span> 
     </span>
     <span class='ocr_line' id='line_1_27' title="bbox 308 3240 2805 3310; baseline -0.002 -11"><span class='ocrx_word' id='word_1_271' title='bbox 308 3250 360 3308; x_wconf 86' lang='lat'><strong>4)</strong></span> <span class='ocrx_word' id='word_1_272' title='bbox 408 3245 519 3299; x_wconf 86' lang='lat' dir='ltr'><strong>Cic.</strong></span> <span class='ocrx_word' id='word_1_273' title='bbox 556 3245 710 3300; x_wconf 87' lang='lat' dir='ltr'><strong>Verr.</strong></span> <span class='ocrx_word' id='word_1_274' title='bbox 743 3245 823 3310; x_wconf 89' lang='lat' dir='ltr'><strong>II,</strong></span> <span class='ocrx_word' id='word_1_275' title='bbox 872 3249 921 3309; x_wconf 87' lang='lat'><strong>4,</strong></span> <span class='ocrx_word' id='word_1_276' title='bbox 959 3246 1042 3309; x_wconf 85' lang='lat'><strong>28,</strong></span> <span class='ocrx_word' id='word_1_277' title='bbox 1078 3247 1146 3298; x_wconf 87' lang='grc'><strong>64</strong></span> <span class='ocrx_word' id='word_1_278' title='bbox 1196 3241 1264 3296; x_wconf 87' lang='lat' dir='ltr'><strong>de</strong></span> <span class='ocrx_word' id='word_1_279' title='bbox 1307 3240 1630 3297; x_wconf 83' lang='lat' dir='ltr'><strong>candelabro</strong></span> <span class='ocrx_word' id='word_1_280' title='bbox 1677 3256 1709 3297; x_wconf 92' lang='lat' dir='ltr'><strong>e</strong></span> <span class='ocrx_word' id='word_1_281' title='bbox 1754 3241 1972 3309; x_wconf 82' lang='lat' dir='ltr'><strong>gemmis</strong></span> <span class='ocrx_word' id='word_1_282' title='bbox 2022 3240 2361 3305; x_wconf 76' lang='lat' dir='ltr'><strong>clarissimiS,</strong></span> <span class='ocrx_word' id='word_1_283' title='bbox 2411 3240 2552 3309; x_wconf 90' lang='lat' dir='ltr'><strong>quod</strong></span> <span class='ocrx_word' id='word_1_284' title='bbox 2603 3241 2805 3296; x_wconf 90' lang='lat' dir='ltr'><strong>donum</strong></span> 
     </span>
     <span class='ocr_line' id='line_1_28' title="bbox 307 3333 2805 3409; baseline -0.003 -14"><span class='ocrx_word' id='word_1_285' title='bbox 307 3353 462 3408; x_wconf 82' lang='lat' dir='ltr'><strong>reges</strong></span> <span class='ocrx_word' id='word_1_286' title='bbox 497 3338 701 3409; x_wconf 75' lang='lat' dir='ltr'><strong>Syriae,</strong></span> <span class='ocrx_word' id='word_1_287' title='bbox 731 3338 874 3406; x_wconf 82' lang='lat' dir='ltr'><strong>regis</strong></span> <span class='ocrx_word' id='word_1_288' title='bbox 906 3334 1162 3391; x_wconf 86' lang='lat' dir='ltr'><strong>Antiochi</strong></span> <span class='ocrx_word' id='word_1_289' title='bbox 1195 3334 1292 3388; x_wconf 87' lang='lat' dir='ltr'><strong>filii</strong></span> <span class='ocrx_word' id='word_1_290' title='bbox 1325 3333 1498 3403; x_wconf 88' lang='lat' dir='ltr'><strong>pueri,</strong></span> <span class='ocrx_word' id='word_1_291' title='bbox 1529 3334 1590 3389; x_wconf 90' lang='lat' dir='ltr'><strong>in</strong></span> <span class='ocrx_word' id='word_1_292' title='bbox 1626 3334 1893 3403; x_wconf 84' lang='lat' dir='ltr'><strong>Capitolio</strong></span> <span class='ocrx_word' id='word_1_293' title='bbox 1924 3333 1985 3388; x_wconf 91' lang='lat' dir='ltr'><strong>in</strong></span> <span class='ocrx_word' id='word_1_294' title='bbox 2019 3334 2156 3389; x_wconf 82' lang='lat' dir='ltr'><strong>cella</strong></span> <span class='ocrx_word' id='word_1_295' title='bbox 2189 3334 2330 3389; x_wconf 79' lang='lat' dir='ltr'><strong>Iovis</strong></span> <span class='ocrx_word' id='word_1_296' title='bbox 2365 3333 2552 3405; x_wconf 85' lang='lat' dir='ltr'><strong>optimi</strong></span> <span class='ocrx_word' id='word_1_297' title='bbox 2586 3334 2805 3388; x_wconf 83' lang='lat' dir='ltr'><strong>maximi</strong></span> 
     </span>
     <span class='ocr_line' id='line_1_29' title="bbox 306 3426 2792 3501; baseline -0.003 -14"><span class='ocrx_word' id='word_1_298' title='bbox 306 3446 510 3501; x_wconf 87' lang='lat' dir='ltr'><strong>ponere</strong></span> <span class='ocrx_word' id='word_1_299' title='bbox 543 3430 855 3496; x_wconf 82' lang='lat' dir='ltr'><strong>voluissent,</strong></span> <span class='ocrx_word' id='word_1_300' title='bbox 888 3429 1058 3484; x_wconf 89' lang='lat' dir='ltr'><strong>multa</strong></span> <span class='ocrx_word' id='word_1_301' title='bbox 1091 3428 1255 3483; x_wconf 81' lang='lat' dir='ltr'><strong>verba</strong></span> <span class='ocrx_word' id='word_1_302' title='bbox 1286 3426 1432 3482; x_wconf 80' lang='lat' dir='ltr'><strong>fecit.</strong></span> <span class='ocrx_word' id='word_1_303' title='bbox 1570 3430 1623 3493; x_wconf 86' lang='lat'><strong>5)</strong></span> <span class='ocrx_word' id='word_1_304' title='bbox 1655 3427 1773 3484; x_wconf 82' lang='lat' dir='ltr'><strong>Liv.</strong></span> <span class='ocrx_word' id='word_1_305' title='bbox 1810 3426 1984 3495; x_wconf 91' lang='lat' dir='ltr'>XXII,</span> <span class='ocrx_word' id='word_1_306' title='bbox 2021 3431 2103 3482; x_wconf 85' lang='lat'><strong>32.</strong></span> <span class='ocrx_word' id='word_1_307' title='bbox 2143 3432 2223 3482; x_wconf 83' lang='lat'><strong>36.</strong></span> <span class='ocrx_word' id='word_1_308' title='bbox 2278 3426 2447 3493; x_wconf 91' lang='lat' dir='ltr'>XLII,</span> <span class='ocrx_word' id='word_1_309' title='bbox 2485 3433 2531 3482; x_wconf 89' lang='lat'><strong>6.</strong></span> <span class='ocrx_word' id='word_1_310' title='bbox 2672 3430 2724 3493; x_wconf 86' lang='lat'><strong>6)</strong></span> <span class='ocrx_word' id='word_1_311' title='bbox 2758 3443 2792 3480; x_wconf 85' lang='lat' dir='ltr'>v</span> 
     </span>
     <span class='ocr_line' id='line_1_30' title="bbox 305 3519 2801 3593; baseline -0.003 -13"><span class='ocrx_word' id='word_1_312' title='bbox 305 3525 525 3593; x_wconf 83' lang='lat' dir='ltr'><strong>Langii:</strong></span> <span class='ocrx_word' id='word_1_313' title='bbox 561 3523 629 3581; x_wconf 81' lang='lat' dir='ltr'><strong>R.</strong></span> <span class='ocrx_word' id='word_1_314' title='bbox 665 3524 731 3578; x_wconf 92' lang='lat' dir='ltr'><strong>A.</strong></span> <span class='ocrx_word' id='word_1_315' title='bbox 765 3524 834 3588; x_wconf 86' lang='lat'><strong>1³,</strong></span> <span class='ocrx_word' id='word_1_316' title='bbox 871 3526 968 3577; x_wconf 88' lang='grc'><strong>813</strong></span> <span class='ocrx_word' id='word_1_317' title='bbox 990 3537 1069 3589; x_wconf 92' lang='lat' dir='ltr'><strong>sq.</strong></span> <span class='ocrx_word' id='word_1_318' title='bbox 1123 3519 1468 3576; x_wconf 87' lang='lat' dir='ltr'><strong>Mommseni:</strong></span> <span class='ocrx_word' id='word_1_319' title='bbox 1507 3520 1664 3576; x_wconf 67' lang='lat' dir='ltr'><strong>Rem.</strong></span> <span class='ocrx_word' id='word_1_320' title='bbox 1702 3521 1928 3577; x_wconf 84' lang='lat' dir='ltr'><strong>Staatsr.</strong></span> <span class='ocrx_word' id='word_1_321' title='bbox 1962 3521 2101 3589; x_wconf 85' lang='lat'>11,1‚</span> <span class='ocrx_word' id='word_1_322' title='bbox 2135 3524 2248 3575; x_wconf 82' lang='lat'><strong>409.</strong></span> <span class='ocrx_word' id='word_1_323' title='bbox 2392 3525 2443 3586; x_wconf 81' lang='lat'><strong>7)</strong></span> <span class='ocrx_word' id='word_1_324' title='bbox 2477 3519 2591 3574; x_wconf 85' lang='lat' dir='ltr'><strong>Liv.</strong></span> <span class='ocrx_word' id='word_1_325' title='bbox 2628 3519 2801 3583; x_wconf 87' lang='lat' dir='ltr'>XXII,</span> 
     </span>
     <span class='ocr_line' id='line_1_31' title="bbox 308 3612 2803 3684; baseline -0.004 -10"><span class='ocrx_word' id='word_1_326' title='bbox 308 3624 389 3674; x_wconf 82' lang='lat'><strong>37.</strong></span> <span class='ocrx_word' id='word_1_327' title='bbox 425 3617 624 3683; x_wconf 91' lang='lat' dir='ltr'>XLIII,</span> <span class='ocrx_word' id='word_1_328' title='bbox 658 3622 708 3672; x_wconf 92' lang='lat'><strong>6.</strong></span> <span class='ocrx_word' id='word_1_329' title='bbox 865 3618 915 3680; x_wconf 92' lang='grc'><strong>8)</strong></span> <span class='ocrx_word' id='word_1_330' title='bbox 948 3631 997 3668; x_wconf 80' lang='lat' dir='ltr'><strong>v.</strong></span> <span class='ocrx_word' id='word_1_331' title='bbox 1032 3613 1328 3668; x_wconf 85' lang='lat' dir='ltr'><strong>Hultschii:</strong></span> <span class='ocrx_word' id='word_1_332' title='bbox 1379 3613 1473 3667; x_wconf 89' lang='lat' dir='ltr'><strong>Gr.</strong></span> <span class='ocrx_word' id='word_1_333' title='bbox 1507 3630 1562 3668; x_wconf 91' lang='lat' dir='ltr'><strong>u.</strong></span> <span class='ocrx_word' id='word_1_334' title='bbox 1597 3630 1642 3667; x_wconf 89' lang='lat' dir='ltr'><strong>r.</strong></span> <span class='ocrx_word' id='word_1_335' title='bbox 1677 3613 1998 3681; x_wconf 77' lang='lat' dir='ltr'><strong>Metrologie</strong></span> <span class='ocrx_word' id='word_1_336' title='bbox 2043 3630 2095 3684; x_wconf 91' lang='lat' dir='ltr'><strong>p.</strong></span> <span class='ocrx_word' id='word_1_337' title='bbox 2134 3617 2249 3668; x_wconf 88' lang='grc'><strong>313.</strong></span> <span class='ocrx_word' id='word_1_338' title='bbox 2302 3630 2355 3683; x_wconf 89' lang='lat' dir='ltr'><strong>p.</strong></span> <span class='ocrx_word' id='word_1_339' title='bbox 2395 3617 2488 3667; x_wconf 87' lang='lat'><strong>185</strong></span> <span class='ocrx_word' id='word_1_340' title='bbox 2528 3612 2645 3667; x_wconf 89' lang='lat' dir='ltr'><strong>coll.</strong></span> <span class='ocrx_word' id='word_1_341' title='bbox 2688 3616 2803 3666; x_wconf 86' lang='lat'><strong>186.</strong></span> 
     </span>
    </p>
   </div>
   <div class='ocr_carea' id='block_1_6' title="bbox 304 3704 1378 3781">
    <p class='ocr_par' dir='ltr' id='par_1_7' title="bbox 304 3704 1378 3781">
     <span class='ocr_line' id='line_1_32' title="bbox 304 3704 1378 3781; baseline -0.008 -13"><span class='ocrx_word' id='word_1_342' title='bbox 304 3728 362 3781; x_wconf 90' lang='lat' dir='ltr'><strong>p.</strong></span> <span class='ocrx_word' id='word_1_343' title='bbox 405 3716 496 3767; x_wconf 84' lang='lat'><strong>165</strong></span> <span class='ocrx_word' id='word_1_344' title='bbox 534 3710 657 3766; x_wconf 85' lang='lat' dir='ltr'><strong>adn.</strong></span> <span class='ocrx_word' id='word_1_345' title='bbox 693 3714 742 3766; x_wconf 85' lang='lat'><strong>5.</strong></span> <span class='ocrx_word' id='word_1_346' title='bbox 795 3726 848 3780; x_wconf 89' lang='lat' dir='ltr'><strong>p.</strong></span> <span class='ocrx_word' id='word_1_347' title='bbox 888 3712 1001 3763; x_wconf 79' lang='lat'><strong>177.</strong></span> <span class='ocrx_word' id='word_1_348' title='bbox 1041 3704 1296 3761; x_wconf 80' lang='lat' dir='ltr'><strong>180·adn.</strong></span> <span class='ocrx_word' id='word_1_349' title='bbox 1329 3710 1378 3759; x_wconf 81' lang='grc'><strong>7.</strong></span> 
     </span>
    </p>
   </div>
  </div>
 </body>
</html>
