3400 5300
1370 290 1745 352 ..9-

314 459 462 526 dem
506 457 788 525 radicem
833 458 1070 525 referre
1109 464 1302 541 atque
1346 477 1459 524 eas
1501 476 1693 524 voces
1737 478 1897 540 quas
1938 478 2132 542 supra
2172 461 2530 545 attulimus,
2591 469 2806 531 tamen

320 568 627 652 explicari
678 589 807 634 non
859 586 1049 653 posse
1099 567 1370 650 videtur,
1417 567 1732 651 quomodo
1776 568 1978 635 solum
2017 570 2384 635 Latinorum
2426 573 2809 639 vocabulum

316 678 401 744 ad
432 679 754 746 notionem
786 699 1042 763 prorsus
1084 679 1280 744 aliam
1310 679 1692 762 pervenerit,
1739 679 1860 744 nisi
1905 678 2330 762 concedimus,
2360 717 2445 728 -—
2474 685 2645 766 quod
2674 683 2809 751 fieri

317 788 428 854 vix
470 790 678 872 potuit
716 824 802 836 —
844 789 1052 872 ipsam
1093 788 1401 872 linguam,
1446 809 1745 854 sonorum
1788 788 2205 856 similitudine
2233 811 2458 858 vocum
2488 794 2713 861 hastae
2744 802 2809 862 et

316 897 637 966 hostiendi
680 898 1044 980 adductam,
1089 899 1386 965 notiones
1426 899 1593 965 inter
1635 919 1707 966 se
1750 900 2079 966 miscuisse
2122 907 2187 966 et
2229 902 2539 971 turbasse.

485 1008 616 1076 Sed
643 1046 728 1056 —
756 1016 826 1075 ut
866 1008 1207 1075 redeamus
1249 1008 1336 1074 ad
1377 1009 1586 1093 ipsum
1625 1009 2019 1093 propositum
2048 1045 2132 1056 -—
2162 1014 2453 1094 quamvis
2481 1012 2657 1099 a'pud
2686 1018 2809 1082 Ro-

313 1137 538 1184 manos
565 1117 890 1203 peregrini
918 1119 1131 1202 leg-um
1162 1126 1460 1204 expertes
1487 1126 1720 1198 essent,
1750 1125 1966 1186 tamen
1997 1120 2352 1203 legationes
2373 1124 2557 1191 abiis
2579 1127 2809 1194 missas

313 1234 534 1292 sancto
590 1228 786 1310 legati
844 1231 1102 1296 nomine
1152 1229 1236 1295 ab
1293 1229 1544 1295 iniuriis
1600 1229 1855 1312 publice
1908 1249 2053 1296 esse
2096 1230 2425 1313 defensas,
2486 1235 2808 1319 plerisque

313 1336 756 1422 testimoniis¹)
798 1339 1261 1422 comprobatur.
1327 1338 1458 1406 Sed
1501 1338 1557 1405 si
1600 1339 1779 1406 cuius
1821 1339 2216 1424 reipublicae
2257 1361 2479 1409 omnes
2522 1345 2695 1411 cives
2736 1347 2807 1412 in

311 1447 520 1512 altera
561 1447 818 1515 civitate
860 1450 1075 1532 legum
1120 1450 1324 1515 tutela
1365 1448 1670 1514 volebant
1713 1469 1856 1516 esse
1898 1450 2037 1531 tuti,
2082 1451 2162 1516 iis
2206 1452 2479 1520 societas
2524 1462 2663 1520 erat
2705 1456 2807 1521 in-

313 1556 545 1623 eunda.
629 1558 785 1624 Jure
828 1565 1042 1626 autem
1086 1560 1515 1625 Romanorum
1573 1559 1830 1643 publico
1888 1560 2435 1629 constituebantur
2477 1573 2807 1648 pactorum

308 1685 551 1750 genera
591 1668 782 1735 haec:

479 1778 556 1844 A.
600 1778 1040 1862 Hospitium2).

481 1891 665 1957 Duae
709 1890 1002 1957 civitates
1044 1891 1391 1976 hospitium
1433 1891 1600 1956 inter
1643 1909 1715 1956 se
1755 1890 1967 1957 facere
1996 1910 2124 1956 non
2156 1897 2441 1974 possunt,
2487 1891 2611 1956 nisi
2641 1899 2807 1960 utra-
2900 1979 2907 1986 ι

313 2018 435 2082 que
478 1999 578 2065 sui
618 2000 774 2068 iuris
817 2001 930 2066 alii
973 2002 1258 2068 subiecta
1300 2007 1366 2066 et
1407 2001 1686 2066 obnoxia
1729 2020 1859 2066 non
1904 2002 2077 2078 est³).
2143 1999 2301 2066 Cum
2344 2019 2497 2066 vero
2552 2001 2633 2067 de
2677 2001 2809 2067 offi-

309 2108 425 2175 ciis
480 2110 807 2176 civitatum
863 2111 1141 2194 hospitio
1184 2112 1659 2176 coniunctarum
1702 2111 2070 2176 testimonia
2121 2131 2253 2176 non
2310 2111 2513 2176 multa
2566 2118 2805 2194 extent,

311 2225 375 2285 et
417 2222 733 2304 respicere
789 2220 874 2286 ad
927 2220 1208 2304 hospitia
1250 2221 1468 2286 iuncta
1508 2221 1676 2286 inter
1718 2220 2013 2287 civitates
2057 2220 2477 2302 hominesque
2518 2222 2806 2304 privatos

309 2335 374 2394 et
416 2349 453 2396 e
495 2330 758 2397 notione
800 2329 1120 2398 amicitiae
1135 2334 1180 2408 4)
1224 2351 1353 2396 non
1396 2331 1488 2397 ita
1531 2336 1706 2397 certa
1749 2336 1813 2396 et
1842 2328 2105 2397 definita
2133 2349 2213 2396 ea
2240 2329 2577 2396 enucleare
2605 2333 2807 2398 coacti

308 2459 546 2516 sumus,
591 2459 756 2522 quae
799 2441 885 2506 ad
927 2440 1272 2526 hospitium
1314 2441 1660 2525 pertinent.

481 2551 664 2616 Illius
719 2557 933 2617 autem
989 2551 1244 2648 generis
1299 2550 1647 2634 hospitium
1697 2549 2231 2634 vetustissimum,
2293 2549 2373 2617 de
2416 2571 2541 2632 quo
2585 2552 2805 2618 Livius

313 2662 411 2744 (V,
447 2665 552 2740 28)
596 2662 854 2728 uberius
895 2662 1222 2745 fusiusque
1267 2661 1570 2746 disputat,
1617 2667 1880 2728 senatus
1922 2663 2211 2729 consulto
2253 2662 2489 2727 factum
2536 2668 2635 2728 est
2662 2682 2803 2727 cum

306 2771 704 2837 Timasitheo
748 2773 1104 2856 Liparensi,
1150 2770 1321 2855 quod
1349 2772 1779 2837 Romanorum
1824 2772 2072 2855 legatos
2102 2771 2391 2855 Delphos
2434 2791 2576 2838 cum
2622 2772 2807 2838 donis

306 2881 776 2967 proficiscentes
831 2882 1434 2949 benevolentissime
1487 2882 1847 2949 adiuverat.
1932 2882 2095 2948 Huic
2141 2880 2313 2947 dona
2354 2881 2610 2965 publice
2652 2881 2806 2947 data

454 3095 501 3157 1)
535 3108 582 3145 v.
617 3090 834 3160 Paulyi:
870 3090 1123 3146 Realenc.
1159 3095 1198 3143 t.
1235 3090 1329 3156 IV,
1363 3106 1416 3159 p.
1454 3095 1570 3145 851.
1625 3088 1857 3159 Voigtiiz
1911 3089 2011 3144 das
2042 3090 2127 3145 ius
2162 3090 2411 3144 naturale
2443 3093 2483 3142 t.
2520 3090 2591 3157 H,
2626 3106 2680 3159 p.
2720 3096 2802 3145 26.

309 3186 421 3241 Cic.
456 3184 513 3238 in
536 3182 691 3237 Verr.
725 3182 798 3249 H,
830 3188 871 3249 1,
909 3188 991 3248 33,
1018 3188 1099 3238 85.
1154 3184 1481 3252 Legatorum
1513 3184 1600 3238 ius
1635 3182 1813 3237 divino
1849 3183 2193 3251 humanoque
2226 3182 2481 3235 vallatum
2514 3183 2803 3251 praesidio,

310 3277 466 3334 cuius
499 3280 613 3331 tam
647 3280 897 3331 sanctum
933 3282 989 3331 et
1021 3277 1325 3332 venerabile
1359 3291 1555 3332 nomen
1588 3290 1711 3331 esse
1744 3275 1904 3330 debet
1936 3279 2001 3329 ut
2032 3289 2141 3329 non
2175 3274 2334 3329 modo
2368 3272 2512 3329 inter
2534 3276 2803 3330 sociorum

306 3371 433 3425 iura
467 3369 561 3424 sed
596 3374 652 3423 et
683 3369 922 3424 hostium
955 3369 1065 3423 tela
1096 3368 1368 3425 incolume
1400 3374 1663 3425 versetur.
1732 3369 1960 3438 Procop.
1998 3368 2063 3423 de
2098 3368 2224 3423 bell.
2258 3367 2387 3436 goth
2420 3367 2463 3431 I,
2500 3372 2550 3422 7.
2586 3369 2681 3434 III,
2722 3374 2801 3423 16.

308 3467 359 3527 2)
409 3458 666 3533 Hospitis
687 3462 1010 3517 vocabulum
1055 3463 1297 3533 separari
1338 3479 1451 3518 non
1493 3477 1656 3532 posse
1697 3477 1732 3516 a
1780 3461 2023 3531 simplice
2072 3461 2245 3517 hostis
2279 3476 2412 3516 voce
2447 3460 2664 3517 Curtius
2716 3477 2801 3517 re·

309 3556 548 3611 ctissime
599 3555 864 3623 pressisse
911 3554 1124 3609 videtur
1171 3559 1240 3619 (v.
1282 3555 1624 3611 Mommseni:
1677 3556 1833 3611 Rom.
1870 3556 2097 3611 Forsch.
2149 3560 2190 3608 t.
2236 3554 2280 3619 I,
2333 3571 2385 3623 p.
2424 3558 2521 3608 327
2572 3554 2693 3609 adn.
2750 3561 2801 3621 2)

310 3648 548 3718 quamvis
593 3663 767 3717 neque
801 3647 870 3702 ad
905 3648 1143 3703 radicem
1186 3648 1400 3717 linguae
1435 3649 1738 3704 sanseritae
1770 3665 1842 3720 pa
1870 3643 2179 3704 ‘schutzen'
2219 3646 2395 3701 redire
2429 3647 2587 3701 velim
2609 3689 2623 3714 ,
2660 3649 2803 3716 quod

306 3742 386 3796 ita
418 3746 443 3794 t
475 3740 622 3795 illius
666 3741 896 3809 hospitis
932 3757 1042 3796 non
1077 3741 1396 3811 explicatur,
1443 3758 1618 3811 neque
1653 3742 1898 3797 Curtium
1934 3740 2086 3810 sequi
2117 3738 2320 3808 possim
2356 3737 2426 3792 ad
2458 3740 2676 3809 petendi
2708 3756 2805 3795 vo-

310 3834 563 3890 cabulum
609 3833 969 3901 delegantem,
1021 3834 1102 3889 ita
1153 3837 1214 3889 ut
1262 3834 1400 3889 hos·
1408 3849 1508 3904 pes
1560 3835 1631 3890 sit
1680 3834 1856 3890 hostis
1907 3838 2097 3903 petens
2134 3830 2253 3887 ‘der
2288 3830 2803 3889 Gastfieundschaft

311 3926 585 3984 suchende
620 3923 868 3981 Fremde'
919 3927 1065 3995 quod
1098 3928 1176 3981 ita
1210 3942 1422 3997 sospes,
1459 3928 1603 3996 quod
1639 3927 1824 3982 eadem
1857 3926 2069 3981 ratione
2100 3925 2306 3980 factum
2340 3940 2462 3979 esse
2494 3926 2681 3993 negari
2714 3927 2802 3981 vix

309 4023 508 4091 potest,
542 4035 652 4075 non
685 4020 991 4089 respicitur.
1151 4025 1204 4087 3)
1238 4037 1284 4074 v.
1319 4020 1666 4075 Mommseni:
1713 4018 1867 4074 Rom.
1903 4018 2130 4074 Forsch.
2168 4024 2205 4071 t.
2240 4017 2283 4083 Ι,
2319 4034 2373 4087 p.
2413 4022 2511 4072 333
2547 4035 2664 4087 sqq.

307 4117 362 4180 4)
397 4114 569 4169 Plane
601 4112 743 4167 enim
774 4112 1008 4168 facimus
1045 4127 1168 4168 cum
1201 4113 1536 4169 Mommseno
1573 4117 1768 4169 contra
1791 4113 2090 4168 Walterum
2125 4111 2339 4179 (Gesch.
2360 4110 2411 4165 d.
2437 4116 2571 4165 rom.
2596 4112 2801 4167 Rechts

306 4207 351 4275 1,
389 4210 421 4273 ᾗ
459 4210 540 4270 81,
574 4223 630 4276 p.
673 4210 785 4273 114)
821 4210 878 4260 et
911 4206 1184 4275 Voigtium
1218 4207 1337 4273 (das
1370 4207 1458 4262 ius
1491 4206 1738 4261 naturale
1770 4209 1809 4260 t.
1846 4206 1916 4274 II,
1950 4224 2005 4277 p.
2040 4210 2125 4271 46,
2161 4208 2249 4270 56)
2284 4205 2656 4271 contendente,
2691 4221 2801 4260 non

311 4301 487 4355 solum
523 4302 698 4354 certos
747 4298 886 4354 fines
935 4300 1079 4355 inter
1131 4298 1401 4355 amicitiae
1451 4305 1508 4354 et
1555 4299 1781 4369 hospitii
1830 4298 2102 4354 notionem
2157 4297 2413 4353 constitui
2462 4312 2573 4352 non
2620 4313 2800 4366 posse,

312 4392 553 4462 quamvis
587 4391 822 4447 fortasse
855 4392 1247 4462 posterioribus
1280 4391 1614 4461 temporibus
1649 4393 1789 4462 (Dig.
1826 4397 1911 4459 49,
1948 4398 2026 4457 15,
2064 4396 2111 4453 5,
2147 4395 2198 4450 2)
2244 4389 2487 4445 amicitia
2519 4391 2669 4459 iungi
2700 4407 2803 4461 po·-

308 4486 474 4541 tuerit
521 4484 759 4555 hospitio
811 4499 920 4539 non
973 4484 1139 4553 facte,
1194 4486 1289 4541 sed
1341 4485 1502 4541 etiam
1546 4486 1676 4541 Scto
1726 4486 1791 4541 de
1824 4484 2146 4555 Asclepiade
2198 4483 2277 4550 (O.
2314 4483 2355 4537 Ι.
2392 4484 2457 4537 L.
2493 4484 2545 4550 I,
2591 4501 2644 4554 p.
2684 4488 2801 4549 114)

308 4579 614 4633 luculenter
647 4577 1021 4641 demonstrari,
1075 4580 1261 4634 amicis
1295 4580 1483 4649 populi
1516 4579 1749 4652 Romani
1783 4578 2004 4648 hospitii
2036 4577 2121 4633 ius
2155 4576 2327 4633 fuisse
2364 4586 2427 4639 (v.
2454 4576 2797 4633 Mommseni:

308 4671 464 4727 Rom.
502 4671 729 4727 Forsch.
765 4677 806 4727 t.
843 4673 886 4738 Ι,
922 4688 974 4741 p.
1013 4676 1112 4727 329
1146 4672 1268 4727 adn.
1305 4677 1374 4739 4).
