3400 5300
1298 321 1721 381 -47—

260 496 521 564 missum
566 493 667 560 sit.
756 489 913 557 Cum
957 508 1110 555 vero
1153 508 1349 572 supra
1391 491 1478 570 (p.
1529 491 1630 566 12)
1673 486 2261 571 significaverimus,
2306 508 2534 554 munus
2578 504 2749 569 pror-

259 627 368 676 sus
423 601 852 672 necessarium
906 620 1037 666 non
1097 619 1238 667 esse
1281 597 1397 665 sed
1442 597 1628 664 officii
1673 617 1902 664 caussa
1946 596 2105 678 dari,
2150 618 2419 682 eumque
2462 599 2749 680 accedat,

260 717 432 802 quod
496 721 560 781 et
616 712 897 778 muneris
959 710 1230 794 pretium
1293 708 1540 774 varium
1597 713 1697 772 est
1751 714 1817 773 et
1869 707 2091 772 Livius
2145 712 2451 792 semper¹)
2512 714 2750 790 narrat,

253 838 404 914 post
475 834 755 888 senatum
836 819 1188 906 praebitum
1265 823 1482 902 patres
1557 836 1824 884 munera
1906 818 2136 901 legatis
2221 819 2385 884 mitti
2468 819 2751 902 iussisse,

261 934 556 1004 concludi
598 939 842 1018 potest,
888 932 970 997 de
1020 927 1387 994 muneribus
1429 934 1691 994 senatus
1735 928 2090 995 consultum
2102 928 2148 1004 ²)
2194 929 2517 1012 peculiare
2557 929 2755 996 fuisse

261 1067 441 1132 opus.
484 1081 568 1091 —

432 1156 614 1237 Quae
657 1172 798 1219 cum
841 1150 934 1214 ita
975 1149 1131 1230 sint,
1181 1146 1346 1213 duae
1387 1146 1666 1212 rationes
1712 1147 2057 1230 excogitari
2100 1157 2398 1231 possunt,
2447 1168 2483 1215 e
2528 1149 2755 1232 quibus
2838 1193 2847 1202 -

264 1273 525 1336 senatus
569 1283 683 1350 per
729 1265 1128 1346 quaestorem
1172 1257 1485 1322 urbanum
1517 1257 1707 1323 sociis
1736 1257 1967 1340 legatis
1999 1259 2341 1342 hospitium
2372 1261 2753 1344 praebuerit.

263 1380 394 1445 Aut
449 1376 651 1457 enim,
710 1370 1210 1454 quotiescunque
1265 1367 1575 1434 sociorum
1631 1368 1881 1450 legatos
1937 1369 2182 1436 Romae
2236 1370 2756 1453 appropinquare

263 1490 530 1555 allatum
577 1487 732 1563 erat,
779 1484 1075 1563 quaestor
1119 1483 1414 1544 senatum
1443 1477 1623 1559 adiit,
1667 1485 1739 1543 ut
1766 1477 1887 1543 sibi
1919 1484 2205 1562 potestas
2237 1479 2510 1562 daretur,
2557 1479 2756 1546 dandi

266 1585 759 1664 advenientibus
815 1589 1045 1672 legatis
1099 1588 1245 1653 loca
1299 1586 1627 1671 lautiaque
1682 1593 1794 1652 aut
1848 1608 1966 1653 sua
2035 1597 2264 1674 sponte
2335 1610 2444 1657 eos
2514 1591 2581 1656 in
2646 1611 2757 1674 pu-

265 1709 502 1774 blicum
560 1701 904 1787 hospitium
963 1697 1278 1764 deducere
1333 1699 1558 1781 potuit.
1645 1697 1777 1765 Sed
1822 1718 1961 1766 cum
2007 1701 2357 1784 permultae
2402 1701 2758 1784 legationes

266 1817 421 1884 anni
449 1811 765 1899 principio
794 1812 1064 1876 Romam
1095 1809 1316 1874 venire
1346 1807 1613 1890 soleant,
1661 1808 1929 1891 cogitari
1957 1810 2067 1875 vix
2098 1817 2325 1894 potest,
2358 1819 2757 1892 quaestorem

266 1928 579 1993 urbanum
627 1922 709 1989 de
752 1920 1020 2004 singulis
1065 1917 1654 2001 senatum-adiisse,
1700 1918 1815 1984 sed
1845 1920 2045 1984 multo
2075 1921 2427 2005 simplicius
2458 1927 2521 1987 et
2548 1922 2761 2004 aptius

269 2056 409 2104 esse
451 2033 720 2115 videtur,
767 2037 1170 2115 quaestorem
1213 2029 1583 2104 urbanum&
1627 2048 1747 2093 sua
1788 2037 2017 2112 sponte
2059 2030 2291 2113 legatis
2326 2033 2470 2098 loca
2499 2031 2699 2096 lautia
2713 2033 2759 2108 4)

267 2145 601 2231 praebere,
647 2150 793 2226 post
835 2147 1124 2206 senatum
1169 2159 1322 2206 vero
1370 2137 1586 2202 datum
1633 2157 1778 2202 eum
1823 2158 2092 2205 munera
2133 2142 2384 2208 mittere
2430 2163 2465 2208 e
2500 2146 2763 2210 senatus

271 2253 562 2322 consulto
607 2272 648 2316 a
690 2251 953 2317 consule
996 2254 1108 2314 aut
1133 2256 1430 2333 praetore
1458 2247 1662 2313 iuberi
1679 2249 1744 2324 ⁵).
1811 2249 2076 2332 Propter
2104 2251 2580 2318 multitudinem
2610 2272 2762 2318 vero

265 2367 629 2448 legatorum
673 2345 976 2426 senatum
1009 2357 1382 2424 adeuntium
1418 2359 1875 2445 posterioribus
1904 2361 2297 2442 temporibus
2327 2362 2533 2427 locum
2562 2363 2764 2427 lautia

266 2494 400 2540 non
441 2471 571 2536 iam
613 2471 908 2554 praebita
952 2487 1111 2550 esse,
1158 2468 1325 2533 Plut.
1357 2488 1416 2551 q.
1446 2469 1521 2533 R.
1556 2471 1634 2532 43
1672 2469 1962 2550 quamvis
1991 2468 2243 2553 referat,
2289 2477 2503 2538 tamen
2534 2472 2764 2555 quibus

267 2581 660 2667 temporibus
721 2599 859 2644 mos
928 2578 1040 2643 ille
1099 2577 1166 2643 in
1223 2576 1708 2644 desuetudinem
1764 2579 2012 2644 venerit
2067 2586 2238 2646 certe
2296 2583 2597 2648 constitui
2652 2583 2764 2648 vix

267 2699 481 2779 potest
498 2693 566 2770 ⁶).

439 2832 501 2894 2.
543 2826 792 2890 Munus,

442 2938 532 3006 Ut
574 2954 840 3001 munera
882 2934 1140 3017 publiea
1181 2954 1224 2999 a
1267 2934 1456 3000 sociis
1497 2936 1768 2999 Romam
1810 2936 2007 3001 missa
2048 2956 2274 3021 supra,
2327 2937 2418 3003 ita
2459 2938 2581 3004 hoc
2625 2941 2763 3005 loco

274 3069 542 3115 munera
583 3067 624 3111 a
651 3045 957 3110 Romanis
1002 3045 1154 3110 data
1198 3064 1329 3109 una
1371 3044 1648 3121 tabula⁷)
1693 3046 2177 3129 complectenda
2216 3066 2356 3114 esse
2386 3049 2765 3115 censuimus.

416 3287 464 3349 1)
509 3281 694 3335 Livius
742 3284 828 3334 ter
871 3283 1074 3345 narrat,
1127 3279 1396 3334 sociorum
1430 3278 1621 3347 legatis
1657 3278 1779 3333 loca
1813 3279 1985 3333 lautia
2018 3294 2139 3335 esse
2173 3280 2325 3345 data,
2361 3281 2668 3350 quindecies
2702 3297 2769 3337 ea

275 3375 500 3440 omittit,
550 3388 693 3442 quae
740 3374 923 3427 statim
968 3372 1095 3428 data
1131 3388 1248 3427 esse
1282 3387 1380 3442 per
1413 3387 1472 3426 se
1504 3371 1857 3441 intellegitur,
1902 3377 1957 3426 et
1997 3372 2133 3426 nihil
2177 3376 2387 3441 narrat,
2433 3376 2540 3430 nisi
2585 3380 2768 3445 patres

273 3482 499 3523 munera
533 3466 673 3521 mitti
704 3465 946 3519 iussisse.
1117 3467 1168 3529 2)
1215 3466 1332 3520 Liv.
1369 3464 1579 3533 XXXI,
1615 3470 1662 3519 9.
1736 3460 1993 3520 ‘Munera
2040 3465 2230 3520 deiude
2272 3467 2465 3535 legatis
2512 3468 2768 3538 (Philippi

273 3562 434 3629 regis)
479 3560 537 3614 in
573 3558 812 3627 singulos
847 3557 1070 3627 quinum
1103 3558 1326 3613 millium
1367 3558 1508 3613 aeris
1544 3575 1619 3613 ex
1651 3563 1873 3613 senatus
1916 3558 2162 3613 consulto
2208 3556 2414 3614 missa'.
2565 3565 2615 3627 3)
2664 3563 2768 3631 Qui

274 3656 456 3710 essent
498 3652 657 3718 socii,
711 3655 968 3719 quaestor
1010 3652 1252 3706 urbanus
1294 3667 1405 3705 non
1436 3652 1729 3706 nesciebat.
1776 3669 1822 3705 v.
1858 3650 2200 3706 Mommseni:
2245 3651 2396 3706 Rom.
2434 3654 2659 3710 Staatsr.
2696 3656 2765 3721 H,

275 3752 325 3812 2,
365 3751 481 3801 513.
621 3748 673 3811 4)
709 3744 768 3797 Si
803 3744 1015 3799 senatui
1047 3743 1281 3812 placuit,
1329 3744 1387 3798 in
1422 3744 1580 3799 aedes
1615 3744 1815 3799 liberas
1851 3745 2057 3813 legatos
2092 3760 2209 3801 esse
2244 3745 2603 3814 deducendos,
2642 3748 2769 3815 quid

274 3839 524 3909 impedit,
561 3838 844 3908 quominus
878 3842 1158 3906 putemus,
1204 3840 1332 3906 post
1365 3840 1612 3892 senatum
1649 3835 1834 3891 datum
1881 3843 2218 3905 quaestorem
2253 3854 2343 3893 eos
2380 3853 2410 3891 e
2444 3838 2577 3893 locis
2613 3840 2772 3895 solle-

277 3933 491 3988 mnibus
525 3931 583 3986 in
619 3931 777 3986 aedes
810 3931 1007 3985 liberas
1043 3929 1366 3985 deduxisse?
1520 3937 1571 3998 5)
1619 3931 1811 3998 Itaque
1852 3930 1909 3983 in
1952 3934 2191 3985 extrema
2237 3936 2393 3998 parte
2428 3936 2667 3988 sotorum
2704 3934 2771 3989 de

276 4025 440 4083 sociis
474 4025 741 4079 factorum
777 4039 989 4093 semper
1023 4025 1090 4079 de
1124 4026 1360 4079 muneris
1395 4039 1627 4090 summa,
1668 4038 1940 4091 nunquam
1975 4023 2042 4078 de
2075 4025 2197 4079 loeo
2230 4023 2413 4078 lautiis
2448 4026 2647 4080 mentio
2692 4026 2768 4080 fit.

277 4124 344 4188 (v.
381 4118 526 4173 infra
570 4134 622 4186 p.
661 4120 764 4181 70.)
833 4117 1025 4172 Reinio
1069 4132 1194 4172 vero
1241 4120 1309 4185 (v.
1344 4116 1560 4187 Paulyi:
1616 4116 1872 4171 Realenc.
1917 4116 2011 4182 IV,
2060 4121 2178 4184 849)
2227 4117 2540 4187 arbitranti,
2593 4120 2793 4181 locum,

278 4212 451 4267 lautia
498 4214 553 4265 et
595 4226 817 4265 munera
863 4208 1253 4279 posterioribus
1305 4210 1638 4278 temporibus
1691 4226 1803 4265 non
1856 4224 1974 4265 esse
2017 4210 2144 4266 data
2186 4211 2376 4276 sociis,
2428 4212 2536 4266 nisi
2578 4218 2770 4267 senatu

289 4306 436 4360 adito
453 4347 468 4373 ,
509 4303 630 4359 ideo
667 4303 916 4358 assentiri
948 4320 1057 4357 non
1090 4318 1394 4371 possumus,
1430 4304 1573 4372 quod
1607 4303 1806 4358 Rhodii
1841 4302 1977 4369 (Liv.
2013 4302 2177 4366 XLV,
2212 4308 2277 4357 20
2312 4320 2455 4359 unus
2491 4308 2574 4359 est
2618 4305 2771 4360 loeus

282 4414 439 4467 quem
482 4396 707 4452 Reinius
755 4394 930 4460 affert)
975 4401 1156 4451 utrum
1198 4396 1332 4451 socii
1365 4402 1545 4451 essent
1578 4411 1751 4451 necne
1785 4412 1896 4450 non
1930 4402 2099 4469 extrab
2116 4396 2503 4452 dubitationem
2537 4398 2772 4466 positum

283 4496 414 4546 erat·
432 4490 615 4559 itaque
649 4505 759 4543 non
792 4488 988 4543 mirum
1021 4493 1128 4556 est,
1178 4490 1319 4559 quod
1351 4489 1429 4544 M.
1461 4490 1650 4545 Iunius
1686 4490 1876 4545 consul
1909 4494 2092 4559 patres
2131 4489 2379 4556 consulit,
2430 4507 2558 4545 num
2590 4490 2771 4545 locum

284 4585 453 4639 lautia
500 4588 854 4651 senatumque
891 4582 1019 4637 dent
1064 4584 1097 4637 i.
1134 4598 1180 4638 e.
1216 4599 1346 4637 num
1379 4582 1622 4637 Rhodios
1666 4583 1906 4637 habeant
1953 4582 2144 4637 socios.
2320 4588 2372 4649 6)
2402 4582 2503 4637 ·De
2546 4600 2769 4639 munere

281 4694 329 4731 v.
368 4694 421 4746 p.
461 4681 541 4731 50.
681 4681 733 4743 7)
767 4675 958 4730 Omnia
991 4674 1104 4731 fere
1136 4676 1244 4731 iam
1279 4675 1667 4731 Mommsenus:
1705 4675 1860 4731 Rom.
1889 4675 2111 4731 Forsch.
2146 4676 2189 4743 I,
2228 4681 2324 4731 345
2362 4677 2643 4732 enarravit.
