3400 5300
32 2924 34 2931 ι

32 2954 34 2965 ι

32 2988 34 2995 ι

37 3046 47 3053 .

32 3082 34 3091 ι

32 3186 34 3203 Ι

32 3212 34 3293 J

32 3554 35 3565 ι

32 3590 35 3601 ι

32 3602 35 3611 ι

1658 309 2080 372 ...63-

634 480 896 544 senatus
940 476 1248 543 consultis
1288 474 1650 559 insequenti
1689 495 1862 542 anno
1897 475 2045 554 (Ios.
2074 475 2151 540 A.
2183 463 2439 558 LXIV,
2476 480 2574 559 10,
2607 479 2666 558 3,
2699 479 2763 552 4)
2802 481 2954 544 sunt
2982 495 3141 542 con-

632 586 904 654 firmata.
966 587 1182 653 Sctum
1209 593 1424 653 autem
1456 585 1536 653 de
1565 586 1849 669 Hyrcani
1890 605 2086 669 regno
2129 585 2427 670 augendo
2470 584 2699 653 iisdem
2730 587 3140 672 temporibus

632 697 888 778 factum,
933 715 1075 764 cum
1115 699 1184 764 in
1225 699 1540 764 aerarium
1576 695 1857 763 delatum
1902 715 2033 762 non
2077 703 2270 780 esset,
2316 696 2544 764 eodem
2586 717 2759 763 anno
2788 717 2957 764 novo
2987 704 3135 764 scto

633 808 1110 892 comprobatum
1167 813 1266 874 est
1317 805 1471 892 (Ios.
1516 808 1592 872 A.
1638 808 1690 872 I.
1734 805 1911 888 XIV,
1964 811 2060 890 10,
2111 813 2189 872 10
2233 828 2297 891 p.
2344 811 2466 873 237
2510 805 2657 894 sq.).
2702 841 2787 854 --
2827 807 3135 891 Denique

632 917 692 986 'si
749 925 1012 986 senatus
1067 937 1233 1002 quae
1288 919 1706 1002 imperatores
1751 915 2169 985 decreverant
2222 937 2303 984 ea
2356 925 2499 984 rata
2551 918 2857 1001 faciebat,
2917 925 3133 985 sctum

633 1030 938 1113 scriptum
979 1028 1216 1112 legatis
1261 1047 1406 1096 esse
1451 1027 1690 1108 datum,
1735 1047 1851 1110 per
1894 1047 1967 1095 se
2007 1035 2188 1112 patet
2202 1031 2267 1106 ¹).

804 1139 867 1205 d.
923 1140 1125 1202 missis
1168 1160 1207 1202 a
1241 1139 1513 1223 populis,
1561 1137 1781 1224 quibus
1820 1148 2071 1202 senatus
2104 1138 2445 1224 privileyia
2486 1137 2785 1202 concedit.

800 1250 1141 1317 Suetonius
1185 1269 1325 1316 cum
1370 1269 1446 1316 eo
1489 1250 1662 1331 loce,
1710 1267 1897 1332 quem
1940 1269 2135 1334 supra
2176 1249 2506 1340 attulimixs
2520 1297 2538 1332 ,
2582 1248 2927 1332 significet,
2986 1255 3135 1317 scta

631 1363 700 1428 in
742 1377 896 1428 aere
935 1361 1142 1428 incisa
1186 1378 1332 1428 esse
1374 1360 1459 1428 de
1500 1347 1859 1445 privilegiis
1904 1361 2275 1443 cuicumque
2313 1359 2659 1441 concessis,
2706 1360 2997 1443 quaestio
3024 1368 3135 1430 est

633 1472 716 1540 de
757 1471 1077 1558 privilegii
1119 1471 1414 1537 vocabuli
1455 1471 1735 1537 notione.
1812 1471 1867 1536 E
1911 1471 2238 1554 plerisque
2281 1476 2497 1538 autem
2537 1469 2861 1538 Ciceronis
2904 1472 3070 1538 locis
3082 1473 3132 1549 ²)

632 1601 774 1649 cum
818 1583 1103 1666 intellegi
1146 1581 1370 1665 possit,
1415 1581 1849 1649 immunitates
1879 1588 1944 1648 et
1970 1581 2267 1650 civitates
2296 1588 2361 1649 et
2388 1583 2646 1648 conubii
2674 1582 2773 1648 ius
2800 1581 3132 1667 privilegii

631 1693 892 1760 notione
933 1691 1418 1775 comprehendi,
1464 1694 1691 1756 mirum
1736 1712 1867 1758 non
1912 1698 2031 1775 est,
2074 1692 2245 1776 quod
2288 1692 2466 1759 Teiis
2511 1699 2575 1759 et
2617 1692 3018 1759 Heracleotis
3060 1699 3133 1759 et

631 1803 1239 1888 Aphrodisiensibus
1285 1801 1380 1876 (G.
1424 1803 1474 1868 Ι.
1521 1803 1597 1870 G.
1639 1802 1729 1885 II,
1771 1824 1835 1867 n.
1884 1807 2071 1886 3045,
2116 1824 2179 1869 n.
2213 1807 2399 1870 3800.
2443 1804 2656 1870 Lebas
2698 1803 2816 1886 III,
2860 1825 2925 1869 ιι.
2961 1806 3129 1868 1627

632 1914 862 1999 explic.
920 1933 984 1996 p.
1047 1915 1196 1992 384)
1268 1913 1675 1996 magistratus
1732 1915 2009 1997 epistula
2062 1934 2101 1980 e
2160 1921 2295 1982 scto
2349 1916 2549 1983 missa
2602 1913 2951 1997 ἐλευθερία
3014 1909 3132 1979 καί

631 2017 1026 2109 ἆνεισφορία
1085 2023 1289 2090 datur.
1393 2025 1618 2108 Itaque
1674 2028 1740 2090 et
1794 2024 1877 2091 de
1918 2024 2481 2093 Ambraciensibus
2539 2027 2702 2104 (Liv.
2746 2024 3128 2110 XXXVIII,

630 2141 738 2214 44)
781 2142 846 2202 et
887 2135 972 2202 de
1013 2136 1230 2220 Lyciis
1274 2142 1340 2202 et
1383 2133 1672 2216 Caribus,
1720 2135 1876 2214 (Pol.
1919 2136 2131 2219 XXX,
2180 2142 2236 2201 5.
2284 2137 2424 2203 Liv.
2468 2137 2701 2220 XLIV,
2750 2141 2848 2216 14)
2894 2137 3127 2221 quibus

627 2248 810 2330 leges
840 2263 997 2314 suae
1026 2246 1477 2328 conceduntur,
1521 2252 1727 2313 sctum
1768 2246 1839 2312 in
1881 2266 2032 2313 aere
2062 2266 2209 2315 esse
2239 2249 2530 2330 incisum,
2563 2248 2915 2316 verisimile
2945 2249 3129 2326 esst).

629 2357 761 2425 Sed
817 2378 858 2423 a
913 2365 1142 2424 senatu
1198 2379 1330 2424 non
1387 2376 1634 2442 paucae
1687 2363 1917 2439 gentes
1973 2357 2285 2425 beneficia
2338 2359 2877 2443 impetraverunt,
2939 2379 3129 2442 quae,

631 2487 1014 2552 quamquam
1043 2467 1318 2536 fortasse
1349 2468 1674 2552 privilegii
1703 2469 1965 2534 nomine
1990 2485 2107 2553 per
2136 2490 2209 2537 se
2239 2491 2371 2536 non
2402 2469 2859 2554 significantur,
2906 2475 3129 2536 tamen

629 2599 752 2646 nos
793 2599 924 2645 non
955 2578 1320 2646 dubitamus
1361 2579 1486 2645 hoc
1525 2580 1669 2644 loco
1714 2584 2007 2661 tractare,
2052 2580 2222 2664 quod
2266 2600 2483 2648 eorum
2526 2587 2757 2647 natura
2799 2581 2887 2647 ad
2930 2581 3128 2665 privi-

628 2691 784 2775 legii
837 2690 970 2756 vim
1028 2710 1230 2776 prope
1285 2688 1553 2756 accedit.
1650 2689 1753 2756 Ita
1809 2690 2139 2757 Gallorum
2205 2691 2455 2761 duobus
2518 2693 2759 2776 regulis
2821 2693 3133 2759 fratribus

631 2802 892 2869 senatus
935 2821 995 2866 a.
1042 2804 1312 2877 5841170
1355 2800 1721 2884 petentibus
1766 2801 2101 2884 concessit,
2142 2809 2213 2868 ut
2253 2803 2335 2871 iis
2380 2806 2741 2871 commercii
2783 2804 2885 2871 ius
2932 2802 3132 2897 deno-

629 2932 770 2978 rum
815 2932 1118 2994 equorum
1155 2917 1330 2979 esset
1365 2909 1807 2995 educendique
1838 2932 1919 2979 ex
1947 2912 2139 2979 Italia
2165 2920 2452 2997 potestas
2478 2912 2659 2982 fieret
2688 2916 2854 2993 (Liv.
2886 2916 3129 2998 XLIII,

633 3028 725 3107 5);
791 3022 1155 3105 insequenti
1217 3042 1390 3089 anno
1449 3020 1683 3088 Rhodii
1742 3030 2126 3107 acceperunt
2186 3032 2421 3107 sctum,
2482 3033 2554 3092 ut
2608 3026 2732 3093 sibi
2792 3027 2895 3092 ius
2952 3034 3131 3093 esset

631 3135 882 3218 copiam
911 3132 1230 3216 quandam
1275 3134 1372 3199 rei
1397 3134 1849 3199 frumentariae
1894 3152 1931 3198 e
1960 3134 2179 3201 Sicilia
2208 3136 2594 3219 exportandi
2624 3138 2785 3207 (Pol.
2815 3136 3127 3221 XXVIII,

631 3248 714 3324 2).
781 3243 1085 3311 Cumanis
1129 3251 1341 3310 autem
1386 3265 1446 3310 a.
1493 3248 1765 3321 5751179
1809 3246 2177 3329 petentibus
2220 3246 2604 3330 permissum
2644 3253 2747 3314 est
2788 3268 2831 3313 a
2872 3256 3128 3331 senatu,

629 3361 700 3420 ut
727 3356 984 3439 publice
1012 3354 1216 3420 latine
1243 3355 1672 3437 loquerentur,
1720 3375 2062 3438 eorumque
2094 3357 2519 3441 praeconibus
2561 3358 2661 3426 ius
2704 3365 2879 3427 esset
2922 3360 3127 3427 latine

629 3464 953 3531 vendendi
1011 3466 1177 3542 (Liv.
1222 3465 1373 3548 XL,
1435 3467 1564 3541 42).
1652 3464 1839 3545 Quod
1896 3473 2108 3532 autem
2164 3467 2423 3535 Iudaeis
2480 3467 2688 3534 edicto
2745 3469 2819 3534 L.
2863 3470 3129 3535 Lentuli

630 3575 896 3643 militiae
938 3575 1190 3640 vacatio
1235 3596 1294 3641 a.
1326 3578 1556 3653 705149
1603 3576 1753 3651 (Ios.
1780 3576 1859 3641 A.
1888 3576 1941 3641 1.
1984 3576 2163 3658 XIV,
2214 3582 2313 3643 10.
2361 3583 2460 3645 16.
2510 3581 2606 3643 19.
2659 3584 2755 3662 10,
2794 3584 2891 3645 13.
2948 3580 3131 3645 Men-

629 3669 965 3753 delssohni
1008 3686 1050 3750 l.
1097 3706 1147 3752 s.
1192 3708 1255 3771 p.
1293 3688 1411 3751 172
1450 3705 1544 3768 sq.
1598 3688 1704 3751 181
1748 3693 1889 3769 sq.)‚
1933 3694 2195 3755 senatus
2239 3690 2529 3756 consulto
2574 3709 2633 3754 a.
2679 3690 2913 3767 708146
2955 3690 3125 3755 facto

630 3798 960 3879 religionis
1005 3795 1404 3864 confitendae
1447 3797 1709 3865 libertas
1754 3796 1903 3875 (Ios.
1933 3799 2011 3864 A.
2042 3798 2091 3864 1.
2137 3800 2312 3879 XIV,
2351 3805 2449 3867 10.
2481 3804 2539 3866 3.
2570 3802 2629 3864 4.
2676 3800 2853 3883 XIV,
2893 3806 2990 3866 10.
3029 3805 3123 3865 12.

631 3907 809 3989 XIV,
847 3912 942 3973 10.
984 3911 1086 3973 25.
1130 3907 1615 3975 Mendelssohni
1659 3908 1705 3973 l.
1749 3931 1801 3976 s.
1847 3932 1907 3995 p.
1956 3914 2080 3977 206
2112 3930 2204 3995 sq.
2250 3913 2373 3977 248
2406 3931 2500 3994 sq.
2548 3914 2671 3975 252
2702 3914 2825 3994 sq.)
2871 3912 3124 3991 dantur,

629 4037 747 4101 per
777 4037 848 4085 se
876 4024 1074 4102 patet,
1119 4018 1280 4084 baec
1309 4024 1578 4085 senatus
1610 4019 1678 4083 in
1723 4021 1997 4086 futurum
2045 4021 2303 4087 decreta
2343 4022 2411 4087 in
2454 4041 2605 4089 aere
2645 4022 2853 4088 incisa
2896 4024 3122 4098 esse⁴).

776 4238 824 4301 1)
856 4236 975 4290 Liv.
1011 4234 1208 4303 XXVI,
1245 4241 1328 4293 32.
1397 4236 1650 4304 XXVIII,
1686 4242 1768 4293 39.
1836 4236 2010 4301 XXX,
2049 4244 2127 4293 17.
2267 4242 2319 4304 2)
2364 4239 2472 4295 Cic.
2508 4240 2649 4295 Phil.
2685 4239 2729 4306 I,
2769 4246 2814 4305 1,
2851 4245 2898 4296 3.
2933 4240 3007 4305 11,
3042 4244 3124 4307 36,

632 4334 714 4384 92.
761 4328 833 4396 11,
871 4334 951 4393 36,
989 4333 1069 4409 93·
1107 4330 1175 4391 V.
1210 4336 1260 4399 4,
1303 4337 1378 4387 11.
1441 4330 1566 4397 XII,
1601 4336 1754 4399 5,12.
1788 4332 1915 4386 fam.
1950 4331 2073 4394 XII,
2102 4337 2148 4400 1,
2176 4337 2221 4388 1.
2273 4350 2321 4387 v.
2355 4332 2702 4389 Mommseni:
2738 4334 2827 4389 sui
2860 4334 3007 4390 modi
3038 4350 3119 4402 sq.

631 4423 691 4477 in
725 4423 910 4479 annali
943 4427 984 4480 t.
1017 4422 1192 4490 XXX,
1235 4441 1291 4493 p.
1333 4428 1444 4479 19⁹.
1597 4430 1650 4491 3)
1695 4426 2125 4481 Massiliensibus
2160 4441 2285 4482 vero
2320 4427 2531 4492 (lustin.
2571 4426 2768 4495 XLIII,
2804 4432 2854 4495 5,
2894 4432 2978 4493 10)
3012 4443 3121 4483 non

634 4516 754 4571 sola
785 4516 1092 4573 immunitas
1127 4532 1387 4575 concessa
1420 4525 1528 4586 est,
1563 4520 1662 4575 scd
1695 4520 1833 4575 haec
1867 4518 1971 4574 fuit
2004 4519 2263 4585 foederis,
2300 4521 2443 4590 quod
2476 4537 2649 4591 aequo
2683 4521 2803 4577 iure
2836 4536 3118 4591 percusse-

633 4612 791 4677 runt,
845 4610 1086 4667 condicio
1136 4612 1413 4682 quaedam.
1583 4617 1638 4679 4)
1690 4613 1935 4683 Denique
1982 4616 2162 4669 utrum
2203 4614 2394 4683 legatis
2440 4630 2501 4671 se
2543 4616 2900 4687 purgantibus
2945 4619 3119 4670 sctum

637 4702 900 4773 scriptum
933 4704 1004 4760 sit
1038 4706 1222 4761 datum
1255 4722 1427 4762 necne
1461 4722 1528 4762 ex
1562 4705 1794 4777 epistula
1825 4706 1921 4763 ina
1952 4707 2024 4763 ad
2054 4707 2309 4765 Tiburtes
2345 4725 2379 4764 a
2411 4716 2663 4778 praetore
2692 4709 2861 4765 missa
2892 4709 2973 4777 (G.
2992 4710 3037 4765 1.
3056 4711 3116 4765 L.
