3400 5300
1365 291 1787 352 -53-

502 453 606 520 Ad
650 453 1014 540 Syphacem
1057 473 1208 520 vero
1255 461 1320 521 et
1362 455 1447 520 ad
1484 457 1924 523 Ptolemaeum
1968 455 2054 522 ad
2098 454 2719 521 commemorandam
2766 462 2831 523 et

329 563 768 631 renovandam
826 563 1169 630 amicitiam
1231 565 1480 648 legatos
1524 567 1851 633 Romanos
1910 586 1947 633 e
2006 571 2269 631 senatus
2323 564 2614 631 consulto
2659 566 2832 633 dona

331 673 557 742 tulisse
613 680 830 757 togam
893 681 958 740 et
1013 673 1293 740 tunicam
1359 696 1745 759 purpuream
1761 727 1779 756 ,
1848 677 2075 743 sellam
2121 675 2467 741 eburneam
2488 726 2503 757 ,
2572 675 2659 740 ad
2714 676 2831 762 Sy-

332 784 605 868 phacem
649 784 910 868 insuper
951 789 1240 868 pateram
1285 803 1322 850 e
1351 785 1409 848 V
1450 785 1667 869 pondo
1712 787 1851 853 auri
1894 791 1960 852 et
1988 784 2074 852 ad
2104 784 2266 850 alios
2296 783 2549 850 Africae
2575 787 2831 868 regulos

332 901 592 978 pateras
649 913 686 960 e
729 895 832 961 111
885 871 1100 979 por'ido
1159 895 1298 960 auri
1351 894 1553 961 factas
1610 901 1674 962 et
1728 896 1814 962 ad
1857 895 2138 980 Aegypti
2195 895 2486 977 reginam
2502 897 2544 972 ¹)
2586 897 2831 978 pallam

333 1005 570 1088 pictam
638 1023 782 1070 cum
846 1005 1119 1070 amiculo
1183 1025 1501 1089 purpureo
1518 1053 1536 1088 ,
1604 1007 1745 1072 Liv.
1802 1006 2093 1088 XXVII,
2150 1009 2190 1068 4
2248 1001 2462 1069 tradit.
2563 1005 2831 1071 Pateras

331 1123 545 1181 autem
590 1134 839 1196 aureas,
885 1132 1024 1180 cum
1070 1134 1264 1199 supra
1302 1113 1721 1198 docuerimus,
1767 1122 1832 1183 et
1859 1117 2109 1199 legatos
2138 1113 2445 1180 Romanis
2476 1113 2643 1179 dono
2674 1114 2831 1182 dare

332 1233 396 1292 et
437 1227 761 1291 Romanos
802 1207 1066 1306 legatis,
1125 1244 1242 1308 per
1296 1245 1368 1292 se
1423 1232 1634 1310 patet,
1692 1227 1951 1309 regibus
2008 1243 2257 1309 quoque
2300 1242 2529 1289 aureas
2574 1232 2831 1308 pateras

331 1334 502 1400 dono
545 1332 686 1399 dari
728 1353 936 1418 posse.
1024 1334 1252 1419 Itaque
1296 1336 1510 1420 Scipio
1556 1337 1960 1402 Masinissam
2016 1335 2289 1417 primum
2346 1353 2567 1414 regem
2611 1337 2832 1420 appel-

330 1445 531 1509 latum
588 1444 963 1527 eximiisque
1018 1450 1314 1510 ornatum
1341 1437 1655 1512 'laudibus
1699 1447 1863 1522 (Liv.
1910 1446 2126 1527 XXX,
2181 1449 2279 1522 15)
2327 1464 2528 1511 aurea
2571 1464 2827 1530 corona,

330 1574 530 1621 aurea
583 1561 838 1639 patera,
898 1555 1062 1620 sella
1121 1555 1324 1620 curuli
1366 1562 1430 1621 et
1473 1555 1759 1639 scipione
1805 1556 2116 1636 eburneo,
2175 1560 2328 1638 toga
2370 1555 2543 1638 picta
2586 1561 2650 1622 et
2691 1558 2835 1640 pal-

331 1670 509 1730 mata
549 1665 767 1730 tunica
808 1684 868 1730 a.
901 1667 1172 1740 551s203
1214 1663 1440 1748 donat;
1487 1665 1574 1732 ad
1605 1665 1879 1731 eundem
1909 1684 2061 1732 vero
2091 1685 2306 1748 regem
2337 1662 2421 1730 ad
2453 1664 2832 1732 firmandam

330 1773 674 1839 amicitiam
719 1773 892 1840 dona
933 1775 1154 1857 ampla
1197 1793 1338 1841 esse
1381 1777 1517 1842 lata
1559 1796 1620 1841 a.
1654 1780 1926 1852 5541200
1958 1777 2149 1841 haec:
2194 1795 2355 1841 vasa
2383 1793 2579 1840 aurea
2606 1795 2833 1859 argen-

329 1883 562 1967 teaque
577 1932 596 1967 ,
652 1890 867 1968 togam
923 1903 1307 1968 purpuream
1365 1892 1429 1952 et
1483 1887 1837 1969 palmatam
1882 1886 2161 1952 tunicam
2206 1905 2347 1951 cum
2393 1883 2674 1950 eburneo
2718 1885 2835 1950 soi-

329 1993 525 2076 pione
568 2001 632 2060 et
675 2001 891 2076 togam
934 2001 1334 2078 praetextam
1350 1996 1396 2071 ²)
1443 2014 1585 2061 cum
1628 1998 1829 2062 curuli
1873 1996 2055 2077 sella,
2102 1995 2240 2060 Liv.
2287 1993 2539 2076 XXXI,
2586 1999 2655 2058 11
2705 2000 2831 2060 tra.-

332 2102 498 2168 didit
508 2105 574 2179 ³).

502 2213 776 2280 Eumeni
830 2219 1044 2279 autem
1100 2232 1159 2277 a.
1207 2215 1352 2290 582)
1362 2216 1478 2278 172
1533 2215 1885 2298 scipionem
1944 2214 2296 2280 eburneum
2349 2219 2413 2278 et
2456 2214 2682 2279 sellam
2729 2234 2833 2280 cu-

332 2322 541 2388 rulem
600 2321 896 2404 donaque
957 2321 1357 2404 amplissima
1402 2322 1554 2391 data
1597 2343 1769 2406 esse,
1828 2324 1971 2390 Liv.
2017 2323 2239 2404 XLII,
2292 2326 2369 2386 14
2415 2325 2584 2399 (coll.
2641 2324 2832 2390 Diod.

206 2447 212 2453 ·
330 2431 600 2513 XXIX,
648 2435 753 2507 37)
811 2432 1038 2514 refert,
1097 2430 1325 2497 eadem
1367 2429 1452 2496 τοὶ
1493 2437 1770 2517 μέγιστα
1812 2436 1943 2498 τῶν
1988 2429 2174 2513 παρὰ
2216 2433 2293 2516 τῇ
2342 2431 2675 2518 συγκλήτῳ
2722 2457 2832 2499 νο-

330 2538 700 2622 μιζομένων
774 2537 1035 2622 δώρων,
1100 2548 1170 2607 ut
1224 2542 1476 2627 Polybii
1531 2544 1749 2611 verbis
1815 2551 1990 2626 utar,
2056 2542 2380 2608 Ariarathi
2438 2562 2494 2608 a.
2558 2546 2830 2621 594s160

331 2649 532 2718 missa
577 2670 740 2735 esse,
786 2652 924 2717 Pol.
968 2651 1255 2737 XXXII,
1303 2659 1341 2719 5
1387 2654 1603 2721 tradit.

503 2760 634 2827 Sed
677 2766 748 2826 ut
791 2762 1126 2844 paullatim
1155 2765 1429 2829 Romani
1462 2764 1839 2831 destiterunt
1868 2786 1909 2830 a
1940 2764 2172 2832 dandis
2201 2764 2568 2832 muneribus
2599 2766 2831 2848 legatis

330 2862 598 2937 Romam
655 2870 1062 2937 venientibus
1081 2923 1098 2955 ,
1153 2871 1247 2938 ita
1304 2874 1422 2940 ille
1466 2893 1719 2958 quoque
1763 2895 1900 2941 mos
1943 2875 2036 2940 ita
2079 2875 2414 2958 obsolevit,
2459 2881 2529 2940 ut
2572 2878 2835 2943 Tacitus

333 2986 507 3058 (ann.
541 2981 652 3063 IV,
686 2984 792 3056 26)
822 3000 1084 3046 narrare
1113 2990 1348 3065 posset,
1393 2985 1828 3050 Romanorum
1856 2992 2147 3053 senatum
2178 2986 2451 3069 cognitis
2481 2986 2834 3053 Ptolemaei

332 3090 562 3159 studiis
606 3111 667 3156 a.
700 3094 928 3168 73os24
973 3112 1060 3154 ex
1100 3101 1340 3155 vetusto
1383 3114 1622 3157 morem
1663 3094 1999 3178 repetiisse
2042 3103 2528 3177 senatoremque
2558 3096 2829 3176 misisse,

333 3202 442 3285 qui
500 3201 849 3284 scipionem
906 3202 1286 3287 eburneum,
1350 3210 1567 3288 togam
1624 3205 1896 3288 pictam,
1956 3206 2213 3290 antiqua
2269 3214 2521 3289 patrum
2566 3225 2833 3272 munera

332 3310 518 3378 daret
560 3329 903 3395 regemque
945 3318 1009 3378 et
1052 3313 1292 3380 socium
1333 3320 1528 3397 atque
1569 3314 1846 3379 amicum
1890 3317 2268 3399 appellaret.
2312 3352 2396 3363 -

504 3420 780 3487 Senatus
821 3441 992 3503 vero,
1037 3423 1092 3489 si
1135 3442 1320 3505 reges
1362 3424 1731 3489 muneribus
1762 3423 1994 3491 dandis
2022 3432 2133 3490 aut
2161 3424 2490 3492 mittendis
2517 3426 2833 3491 honorare

333 3530 631 3609 volebat,
698 3535 983 3612 attamen
1049 3552 1296 3597 summa
1360 3534 1477 3599 illa
1538 3534 1791 3618 imperii
1847 3535 2127 3618 insignia
2181 3537 2493 3619 praebere
2548 3536 2829 3619 nolebat,

331 3647 592 3725 pateras
649 3647 990 3724 argenteas
1033 3647 1143 3705 aut
1186 3661 1434 3725 aureas,
1481 3663 1677 3725 equos
1720 3644 2090 3728 phaleratos
2132 3647 2216 3710 al.
2264 3646 2514 3712 mittere
2558 3645 2831 3713 solebat.

511 3902 560 3965 1)
607 3899 694 3965 Ad
727 3899 959 3970 Aegypti
1005 3900 1244 3970 reginam
1289 3897 1433 3953 dona
1476 3901 1626 3969 regia
1671 3902 1989 3972 mittuntur,
2039 3904 2185 3975 quod
2232 3919 2293 3958 re
2337 3919 2465 3959 vera
2506 3920 2571 3960 ea
2619 3906 2830 3975 imperii

331 3994 610 4064 particeps
640 3996 772 4050 erat.
828 3994 913 4049 De
941 3994 1171 4049 amiculo
1207 3997 1262 4047 et
1295 3993 1441 4061 palla
1474 4010 1522 4047 v.
1550 3995 1801 4050 Beckeri:
1845 3996 2031 4051 Gallus
2054 3996 2286 4058 111‚156.
2322 3996 2534 4068 Paulyi:
2572 3997 2828 4055 Realenc.

333 4088 430 4153 VI,
467 4091 516 4153 2,
553 4090 704 4142 2518.
863 4090 915 4152 2)
948 4104 998 4141 v.
1034 4086 1376 4142 Mommseni·
1414 4085 1569 4141 Rom.
1609 4088 1836 4144 Staatsr.
1871 4090 1916 4155 I,
1955 4094 2053 4144 329
2090 4088 2209 4143 adn.
2254 4094 2295 4141 1.
2347 4094 2445 4143 336
2483 4090 2608 4146 adn.
2652 4097 2693 4145 1.

338 4186 391 4246 3)
427 4178 727 4249 App.Pun.
767 4182 831 4233 32
870 4180 961 4247 qui
993 4179 1176 4244 tradit,
1211 4178 1537 4235 Masinissae
1571 4180 1714 4236 dono
1751 4182 1878 4236 data
1913 4196 2035 4237 esse
2070 4181 2351 4249 στέφανόν
2385 4200 2441 4236 τε
2479 4181 2585 4235 ἀπὸ
2615 4186 2830 4255 χρυσοῦ

337 4279 616 4339 (coronam
649 4277 889 4339 auream)
926 4272 1016 4324 καὶ
1052 4272 1340 4341 σφραγῖδα
1367 4276 1585 4343 χρυσῆν
1632 4276 1913 4339 (annulum
1962 4290 2185 4329 aureum
2227 4291 2275 4328 v.
2310 4275 2524 4351 Paulyiz
2573 4278 2829 4335 Realenc.

331 4366 379 4433 Ι,
421 4372 465 4431 1,
504 4369 658 4431 1033)
704 4362 796 4417 καὶ
831 4361 1187 4433 ἐλεφάντινον
1223 4364 1430 4438 δίφρον
1467 4366 1674 4430 (sellam
1712 4369 1971 4434 curulem)
2006 4368 2097 4420 καὶ
2131 4365 2432 4439 πορφύραν
2467 4373 2667 4438 (togam
2697 4387 2830 4439 pur-

335 4463 580 4529 puream)
631 4456 723 4511 καὶ
771 4457 968 4521 στολὴν
1016 4454 1316 4527 Ῥωμαϊκὴν
1371 4463 1574 4531 (togam
1619 4467 1977 4530 praetextam)
2037 4460 2127 4514 καὶ
2181 4457 2348 4514 ἵππον
2393 4462 2830 4535 χρυσοφάλαρον

338 4555 554 4621 (equum
591 4550 954 4627 phaleratum)
996 4550 1088 4603 καὶ
1134 4553 1458 4617 πανοπλίαν,
1501 4554 1642 4609 inter
1675 4570 1735 4610 se
1769 4555 2149 4623 permiscuisse
2181 4554 2392 4609 videtur
2426 4556 2744 4626 legationem
2772 4572 2827 4613 a.

339 4646 560 4714 554s200
595 4648 652 4699 et
684 4659 734 4700 a.
773 4646 992 4709 551l203
1027 4644 1246 4701 missam
1281 4646 1416 4712 (Liv.
1453 4646 1627 4714 XXX,
1657 4653 1747 4703 47.
1783 4646 1984 4713 XXXI,
2026 4652 2123 4713 11).
