3400 5300
1594 322 2015 384 ...20-

547 494 748 562 tionis
808 491 1132 576 principes
1190 495 1254 554 et
1309 488 1380 552 in
1423 487 1616 552 dubio
1659 487 2063 571 relinquitur,
2122 493 2275 570 quot
2315 487 2511 570 legati
2554 488 2681 552 sint
2724 489 2919 555 missi.
2964 523 3049 536 ·—

553 604 722 671 ‘Cum
762 622 917 670 vero
963 600 1046 666 de
1087 598 1278 664 rebus
1318 598 1715 680 gravissimis
1756 605 2079 682 ageretur,
2124 596 2260 664 fieri
2300 597 2539 681 potuit,
2586 604 2655 663 ut
2696 599 3048 680 legatorum

555 731 859 780 numerus
921 713 1276 792 augeretur.
1365 709 1468 773 Ita
1522 707 1864 791 Saguntini
1880 711 1921 785 ¹)
1979 707 2064 773 ad
2120 707 2573 790 gratulandum
2633 709 2872 792 populo
2928 710 3049 774 Ro-

557 843 756 889 mano
813 820 897 886 de
951 818 1124 884 bello
1167 817 1406 884 Punico
1450 817 1731 884 secundo
1789 818 2061 884 feliciter
2116 817 2203 882 ad
2244 815 2434 882 finem
2478 817 2785 902 perducto
2844 818 3051 882 decem

559 933 830 1016 legatos,
872 928 1194 994 maximae
1223 926 1554 1010 dignitatis
1582 927 1894 1008 homines,
1938 929 2207 993 Romam
2236 927 2562 1008 miserunt,
2594 926 2763 1010 quod
2793 936 3051 1012 propter

560 1043 735 1126 ipsos
765 1038 1154 1122 Saguntinos
1197 1037 1435 1103 bellum
1477 1036 1640 1102 illud
1683 1038 2288 1122 periculosissimum
2315 1037 2590 1102 Romani
2618 1047 3049 1122 susceperant.

563 1149 870 1218 Similiter
902 1150 1255 1214 Locrenses
1266 1151 1334 1230 ²),
1381 1167 1522 1212 cum
1567 1148 1725 1214 socii
1766 1146 1917 1212 facti
1960 1146 2132 1230 apud
2170 1155 2385 1231 patres
2430 1146 2767 1230 deplorare
2810 1149 3055 1214 vellent

561 1243 858 1339 iniuriasss
889 1258 1118 1341 quibus
1145 1255 1544 1324 afficerentur
1573 1277 1614 1322 a
1641 1255 1965 1340 praesidio
1991 1258 2281 1324 Romano
2311 1257 2530 1324 Locris
2556 1257 2799 1339 relicto,
2844 1257 3055 1320 decem

564 1372 811 1453 legatos
854 1370 1122 1434 Romam
1179 1368 1518 1449 miserunt,
1578 1387 1704 1450 quo
1761 1366 1963 1432 maior
2016 1366 2433 1446 accusationi,
2493 1385 2659 1448 quae
2714 1366 2800 1432 ad
2842 1367 3052 1451 ipsum

565 1480 928 1563 Scipionem
984 1478 1303 1562 pertinere
1361 1483 1602 1560 posset,
1672 1477 1771 1543 vis
1837 1484 1902 1544 et
1963 1476 2215 1560 pondus
2256 1476 2517 1557 gravius
2560 1475 2909 1544 accederet.
2972 1512 3049 1522 -

571 1588 884 1669 Quattuor
936 1595 1148 1655 autem
1216 1588 1496 1670 legatos,
1559 1606 1703 1652 cum
1765 1588 1940 1654 solus
1994 1586 2305 1671 Iosephus
2316 1587 2361 1660 ³)
2418 1605 2461 1650 a
2514 1585 2771 1652 Iudaeis
2827 1586 3057 1652 missos

567 1705 1013 1766 commemoret
1068 1698 1208 1764 loco
1226 1745 1245 1779 ,
1300 1717 1485 1780 quem
1545 1703 1907 1780 suspectum
1964 1715 2106 1764 esse
2149 1694 2682 1763 Mendelssohnus
2736 1703 2907 1763 recte
2961 1698 3057 1762 in-

567 1809 816 1876 tellexit
829 1857 846 1891 ,
901 1809 957 1874 is
1013 1827 1314 1874 numerus
1371 1806 1865 1890 haudquaquam
1922 1814 2131 1873 certus
2173 1825 2315 1872 esse
2355 1804 2627 1872 videtur.
2719 1803 3055 1890 Quinque)

567 1939 719 1984 vero
774 1918 1022 2010 legatos
1077 1939 1118 1984 a
1159 1918 1347 1984 sociis
1391 1916 1590 1984 semel
1631 1917 1941 1983 iterumve
1986 1929 2129 1982 esse
2170 1916 2431 1994 missos,
2493 1916 2719 1979 mirum
2763 1935 2892 1981 non
2936 1923 3053 1998 est,

569 2029 740 2111 quod
795 2029 864 2093 in
919 2028 1149 2111 legatis
1205 2027 1532 2094 mittendis
1575 2047 1707 2092 non
1750 2026 1831 2092 de
1875 2025 2123 2109 legibus
2166 2025 2355 2091 certis
2398 2023 2717 2106 firmisque
2759 2025 2877 2092 sed
2919 2025 3057 2092 solo

571 2137 655 2203 de
696 2157 832 2215 usu,
879 2156 1063 2221 quem
1108 2137 1352 2204 violare
1395 2137 1578 2204 nefas
1619 2157 1749 2202 non
1794 2142 1909 2219 est,
1953 2155 2159 2202 sermo
2206 2154 2346 2201 esse
2389 2140 2619 2218 potest.

1396 2357 1468 2422 B.
1529 2355 1819 2440 Legati
1871 2355 2239 2420 hostium.

743 2507 900 2574 Cum
942 2509 1012 2575 in
1055 2509 1392 2593 propatulo
1437 2509 1536 2590 sit,
1582 2508 1755 2573 bello
1799 2526 1840 2571 a
1880 2507 2118 2590 populo
2147 2507 2437 2572 Romano
2480 2506 2683 2573 victos
2718 2507 2805 2572 ad
2834 2527 3058 2591 pacem

571 2618 930 2687 faciendam
974 2622 1244 2687 Romam
1299 2640 1427 2686 non
1482 2617 1872 2702 legationem
1928 2615 2164 2700 speciei
2217 2615 2595 2700 magnificae
2650 2623 2713 2684 et
2768 2618 3062 2686 excelsae

572 2730 840 2813 misisse,
885 2730 1059 2795 haud
1101 2731 1194 2796 ita
1233 2750 1537 2814 magnum
1579 2747 1912 2795 numerum
1961 2728 2316 2810 legatorum
2360 2734 2819 2811 exspectamus.

508 2824 512 2828 ¹
745 2838 1141 2907 Cretensium
1156 2842 1199 2915 ⁶)
1268 2859 1420 2906 vero
1484 2837 1722 2921 legatio
1778 2836 1865 2905 ad
1920 2843 2211 2903 senatum
2267 2835 2349 2902 de
2406 2856 2567 2921 pace
2622 2838 3065 2921 componenda

573 2970 632 3015 a.
677 2950 750 3016 U.
783 2952 906 3016 685
949 2950 1146 3017 missa
1189 2970 1298 3015 cur
1339 2950 1604 3034 triginta
1644 2948 1973 3014 hominum
2014 2947 2223 3028 fuerit,
2267 2946 2588 3015 Diodorus
2628 2948 2768 3032 ipse
2812 2954 3065 3015 enarrat

574 3059 708 3141 his,
749 3053 843 3123 ‘oi
885 3058 1332 3143 πρεσβύτατοι
1387 3059 1496 3125 καὶ
1557 3055 1881 3145 φρονήσει
1925 3056 2349 3142 διαφέροντες
2394 3054 2856 3141 συνεβούλευον
2900 3061 3064 3143 πρέ-

581 3174 763 3251 σβεις
807 3166 1168 3251 ἐκπέμπειν
1216 3169 1309 3248 εἷς
1350 3168 1466 3254 τὴν
1490 3166 1731 3255 Ῥώμην
1774 3166 1885 3234 καὶ
1927 3164 2085 3251 περὶ
2124 3169 2256 3233 τῶν
2302 3164 2800 3252 ἐπιφερομένων
2844 3166 3066 3251 ἔγκλη-

575 3275 800 3359 μάτων
837 3270 1332 3364 ἀπολογεῖσθαι
1365 3277 1478 3345 καὶ
1510 3280 1889 3365 πειρᾶσθαι
1917 3275 2033 3363 τὴν
2065 3273 2417 3362 σύγκλητον
2450 3270 2813 3361 εὐγνώμοσι
2844 3276 3063 3361 λόγοις

575 3384 688 3452 καὶ
732 3382 1031 3473 δεήσεσιν
1091 3387 1576 3467 ἐξιλάσκεσθαι.
1665 3386 1999 3469 Διόπερ
2056 3384 2455 3451 ἀπέστειλαν
2518 3386 2610 3464 εἰς
2663 3386 2779 3473 τὴν
2824 3383 3063 3470 Ῥώμην

573 3494 1026 3581 τριάκοντα
1061 3496 1588 3582 πρεσβευτὰς
1623 3494 1816 3573 τοὺς
1849 3493 2587 3581 ἐπιφανεστάτους
2621 3494 2949 3581 ἄνδρας.
2980 3534 3066 3545 -

576 3643 661 3701 7-
717 3606 848 3673 Sed
902 3608 986 3674 de
1040 3608 1181 3692 ipso
1235 3629 1498 3675 numero
1554 3609 1910 3691 legatorum
1974 3606 2251 3673 hostium
2316 3608 2683 3674 testimonia
2744 3628 3067 3693 perpauca

577 3724 830 3801 extant;
888 3720 1150 3786 Aetolos
1206 3718 1377 3785 enim
1432 3718 1784 3803 permultos
1838 3716 2087 3800 legatos
2130 3718 2397 3784 Romam
2448 3719 2529 3785 de
2571 3736 2732 3802 pace
2773 3716 3070 3785 facienda

577 3956 790 4020 tempus
837 3952 1124 4007 enucleare
1164 3968 1274 4008 non
1319 3966 1504 4022 posse,
1547 3951 1780 4005 libenter
1826 3949 2101 4005 confiteor.
2172 3950 2255 4005 De
2290 3951 2419 4007 Scto
2454 3952 2520 4007 de
2550 3952 3065 4023 Astypalaeensibus

580 4043 662 4111 (C.
699 4044 742 4097 Ι.
780 4042 874 4098 Gr.
909 4044 981 4110 ΙΙ,
1030 4060 1118 4107 no,
1155 4048 1286 4099 2485
1335 4060 1410 4099 vs.
1447 4048 1534 4111 46)
1569 4048 1624 4099 et
1657 4042 1776 4097 Liv.
1813 4042 1985 4109 XLII,
2021 4048 2069 4109 6,
2104 4060 2151 4097 v.
2187 4060 2242 4112 p.
2278 4050 2343 4099 49
2380 4061 2424 4100 e.
2670 4072 2673 4076 ·

722 4142 768 4203 1)
802 4136 920 4189 Liv.
949 4136 1200 4203 XXVIII,
1223 4141 1305 4193 39.
1443 4140 1493 4202 2)
1529 4137 1644 4191 Liv.
1669 4135 1870 4201 XXIX,
1895 4141 1971 4188 17.
2111 4140 2163 4198 3)
2195 4135 2298 4191 Ios.
2321 4138 2387 4190 A.
2425 4136 2467 4189 Ι.
2502 4136 2646 4203 XIV,
2673 4142 2749 4203 10,
2777 4142 2939 4212 losp.
2967 4142 3063 4192 238

577 4230 750 4284 Bekk.
824 4246 870 4283 v.
906 4228 1333 4285 Mendelssohni:
1388 4230 1574 4285 Senati
1621 4228 1881 4284 Consulta
1926 4228 2172 4284 Romana
2213 4229 2272 4282 in
2318 4229 2424 4284 Ios.
2471 4229 2691 4299 Antiqu.
2742 4246 2797 4300 p.
2843 4234 2943 4285 246
2986 4246 3065 4300 sq.

579 4322 715 4376 Cum
748 4337 870 4377 vero
906 4323 1052 4392 apud
1085 4323 1371 4393 Iosephum
1403 4322 1748 4392 paragrapho
1793 4322 2094 4391 insequenti
2140 4321 2250 4377 s'mt
2288 4320 2481 4377 haec‘
2498 4320 2709 4391 ἔπεμψε
2750 4319 2811 4375 δὲ
2856 4319 3069 4375 τούτων

573 4412 840 4483 ‘Ypacares‘
881 4419 992 4468 τῶν
1036 4418 1382 4485 πρεσβευτῶν
1423 4412 1520 4468 ἕνα
1560 4414 1653 4467 καὶ
1699 4412 1839 4483 πρὸς·
1879 4415 2208 4482 Δολοβέλλαν
2256 4411 2351 4484 sq?
2399 4415 2504 4483 ita,
2558 4416 2606 4469 si
2655 4417 2833 4470 locum
2878 4420 3070 4469 sanum

581 4523 700 4563 esse
733 4513 1014 4577 putamus,
1062 4510 1177 4564 eins
1212 4510 1423 4563 numeri
1455 4508 1595 4564 ratio
1630 4507 1935 4562 luculenter
1977 4508 2317 4577 perspicitur.
2488 4513 2543 4573 4)
2576 4508 2695 4563 Pol.
2731 4507 2979 4571 XXXVI,
3023 4514 3069 4561 1.

579 4598 686 4654 Ios.
721 4602 786 4653 A.
821 4601 862 4654 I.
899 4601 1042 4664 XIV,
1086 4607 1162 4668 10,
1200 4606 1281 4667 22,
1315 4618 1367 4669 p.
1406 4605 1503 4656 243
1539 4600 1712 4655 Bekk.
1765 4617 1811 4654 v.
1847 4598 2271 4655 Mendelssohni:
2309 4600 2439 4655 Scta
2468 4600 2623 4656 Rom.
2646 4616 2723 4669 sq.
2758 4605 2927 4670 p.217
2951 4618 3071 4669 sqq.

581 4696 634 4759 5)
669 4692 826 4747 Diod.
863 4693 980 4758 XL,
1021 4699 1066 4747 1.
1119 4710 1166 4747 v.
1201 4693 1425 4762 Langii:
1462 4693 1617 4747 Rom.
1654 4693 1761 4747 Alt.
1797 4692 1895 4758 III,
1931 4697 2049 4747 204.
