3400 5300
1329 313 1750 373 ...27-

289 479 443 546 anni
489 482 795 559 5861168,
856 480 1184 554 Prusias-¹)
1244 476 1394 544 κατ’
1459 473 1659 560 ἆρχάς
1714 479 1835 544 τοῦ
1876 479 2194 560 χειμῶνος
2238 499 2295 544 6.
2344 484 2612 558 5871167
2656 483 2779 547 Ro-

289 610 458 654 mam
501 596 815 655 venerunt
856 589 942 656 ad
985 589 1456 672 gratulandum.

457 725 518 788 b.
564 724 771 808 Reyes
813 724 1056 787 Romae
1101 725 1260 786 alios
1304 734 1660 788 accusantes
1705 733 1817 786 aut
1855 723 2273 807 defendentes,

290 812 664 918 Priusquam
711 834 1005 900 consules
1047 834 1114 898 111
1157 835 1517 918 provincias
1561 834 1746 916 irent,
1792 836 2059 900 Romam
2102 835 2535 901 advenerunt:
2752 877 2759 880 -

289 943 647 1006 Athenaeus
707 943 1075 1029 Philippum
1140 963 1448 1010 accusans
1513 963 1572 1009 a.
1631 947 1903 1022 5711183
1963 945 2123 1023 (Ρ61.
2190 945 2445 1026 XXIV,
2519 949 2569 1008 1.
2638 943 2777 1008 Liv.

589 1053 904 1137 XXXIX,
951 1057 1076 1131 46).

289 1161 597 1226 Eumenes
651 1162 738 1228 ad
797 1162 1145 1229 deferenda
1203 1163 1283 1229 de
1326 1164 1558 1229 Perseo
1610 1163 1874 1228 crimina
1916 1163 2423 1246 indicandosque
2466 1163 2622 1230 belli
2664 1183 2779 1246 ap-

592 1280 854 1357 paratus
911 1293 970 1338 a.
1017 1275 1281 1349 5821172
1339 1273 1502 1351 (Liv.
1549 1273 1771 1354 XLII,
1825 1278 1920 1337 11.
1986 1277 2150 1358 App.
2198 1275 2359 1340 Mac.
2403 1273 2519 1338 XI.
2586 1272 2775 1338 Diod.

591 1381 840 1464 XXIX,
889 1385 1011 1459 37).

287 1492 542 1554 Attalus
587 1491 668 1557 de
719 1491 1049 1557 Gallorum
1104 1493 1375 1558 tumultu
1435 1510 1706 1574 querens
1756 1512 1813 1555 a.
1870 1492 2139 1572 5871167
2192 1493 2352 1568 (Ρ61.
2406 1494 2620 1576 XXX,
2681 1499 2776 1558 10.

589 1601 835 1684 XXXI,
885 1605 944 1666 9.
987 1603 1126 1666 Liv.
1173 1601 1370 1678 XLV,
1426 1605 1522 1664 19.
1568 1599 1758 1666 Diod.
1802 1601 2054 1683 XXXI,
2103 1606 2187 1678 7).
2508 1629 2511 1631 ’

287 1669 446 1774 idem
492 1713 745 1775 Attalus
788 1712 1169 1794 suspitiones
1213 1705 1253 1776 a
1295 1710 1519 1776 Prusia
1571 1711 1838 1776 iniectas
1896 1685 2147 1799 diluens
2191 1733 2249 1778 a.
2298 1712 2567 1790 5941160
2614 1713 2775 1793 (Ρ61.

495 1840 501 1846 ·
589 1822 874 1900 XXXII,
923 1824 1000 1898 5).

289 1931 666 1994 Ariarathes
699 1930 786 1997 ad
819 1930 1248 1996 accusandum
1279 1929 1715 2014 Orophernem
1747 1951 1805 1996 a.
1840 1934 2107 2008 5971157
2141 1933 2300 2009 (Ρ61.
2332 1931 2617 2016 XXXII,
2650 1936 2778 2008 20).

459 2066 639 2145 Quae
695 2087 836 2130 cum
895 2068 986 2132 ita
1044 2067 1206 2146 6161,
1250 2051 1548 2130 'Attalum
1595 2067 1899 2132 Eumenis
1955 2066 2213 2132 fratrem
2272 2075 2335 2133 61
2386 2069 2777 2135 Demetrium

288 2177 643 2241 Ariarathis
709 2175 904 2239 filium
971 2182 1034 2239 et
1096 2174 1532 2241 Alexandrum
1598 2175 2049 2258 Laodicenque
2112 2196 2253 2241 cum
2318 2177 2660 2243 Heraclide
2718 2197 2777 2242 a.

286 2283 601 2368 60211522
604 2293 624 2360 )
680 2292 1022 2365 antequam
1078 2283 1371 2368 consules
1413 2283 1481 2348 in
1524 2285 1887 2366 provincias
1930 2305 2001 2350 se
2045 2287 2446 2404 coutulerunt
2489 2295 2779 2352 senatum

285 2395 545 2476 adiisse,
592 2393 970 2459 concludere
1014 2414 1142 2459 non
1187 2392 1340 2457 (111111
1343 2399 1570 2458 tamus.

457 2503 760 2569 Libenter
803 2511 1016 2568 autem
1061 2502 1362 2583 concedo,
1409 2503 1582 2586 apud
1626 2505 1967 2588 Polybium
2012 2512 2077 2570 et
2120 2505 2486 2589 Appianum
2530 2514 2594 2572 et
2630 2507 2781 2572 Dio-

293 2614 513 2681 dorum
555 2613 624 2679 in
669 2613 1016 2697 excerptis,
1077 2632 1238 2696 quae
1285 2613 1577 2679 dicuntur
1622 2613 1702 2681 (16
1746 2614 2207 2699 legationibus,
2268 2617 2465 2683 multo
2522 2617 2779 2701 saepius

287 2725 768 2790 commemorari
810 2742 995 2806 reges
1024 2724 1292 2789 Romam
1335 2725 1697 2807 venientes3
1745 2744 1886 2789 cum
1930 2746 2081 2791 vero
2124 2728 2188 2791 in
2233 2727 2363 2793 illis
2407 2728 2780 2810 fragmentis

287 2835 499 2918 ipsum
556 2834 871 2900 adventus
927 2841 1177 2916 tempus
1234 2854 1365 2899 non
1421 2841 1592 2899 certe
1653 2834 1981 2899 definitum
2038 2837 2120 2902 sit-
2175 2836 2289 2902 sed
2333 2856 2583 2920 semper
2628 2838 2781 2903 solis

290 2944 391 3009 his
434 2944 596 3023 fere,
637 2937 828 3007 ‘narde
872 2940 984 3007 τὸν
1032 2936 1228 3007 αὐτὸν
1273 2942 1527 3024 καιρὸν’
1577 2944 1995 3027 significetur,
2052 2945 2186 3012 fieri
2232 2967 2362 3011 non
2407 2952 2648 3031 potest,
2709 2955 2779 3013 ut

290 3055 492 3119 multa
521 3052 707 3119 exiis
737 3053 822 3118 ad
853 3059 1136 3117 nostram
1167 3054 1606 3135 quaestionem
1636 3055 2021 3121 hauriamus.
2069 3056 2293 3138 Itaque
2316 3058 2436 3122 etsi
2458 3059 2780 3141 exemplo-

287 3185 426 3229 rum
483 3183 782 3229 numerus
831 3184 942 3248 pro
1001 3162 1284 3229 fontibus
1345 3163 1604 3229 16661116
1659 3165 1976 3229 maximus
2033 3185 2161 3230 non
2218 3167 2333 3247 sit,
2392 3173 2608 3233 tamen
2652 3186 2779 3232 non

287 3274 477 3340 nimis
505 3273 810 3339 audacter
856 3273 1314 3355 contendimus,
1361 3293 1546 3356 reges
1589 3293 1840 3356 quoque
1869 3276 2136 3339 Romam
2180 3295 2520 3342 consuesse
2562 3277 2781 3343 venire

288 3386 443 3450 anni
487 3384 808 3467 principio·
844 3383 927 3447 ad
972 3403 1174 3449 novos
1218 3385 1530 3450 consules.

1127 3568 1194 3633 O.
1245 3569 1619 3635 Hostium
1661 3571 1941 3653 legati.

461 3722 608 3787 Non
663 3720 833 3785 idem
878 3721 1097 3785 valere
1144 3719 1223 3785 (16
1266 3721 1497 3803 legatis
1540 3723 1815 3788 hostium
1860 3722 1944 3787 ad
1989 3742 2213 3806 pacem
2257 3723 2615 3789 faciendam
2658 3726 2781 3791 Ro-

295 3852 464 3895 mam
507 3832 914 3897 venientibus
944 3833 1011 3896 in
1042 3832 1378 3913 propatulo
1411 3838 1537 3915 661;
1582 3833 1876 3898 66666166
1906 3834 2073 3898 66116
2107 3853 2248 3898 61116
2278 3838 2422 3916 post
2451 3834 2782 3899 victoriam

293 3947 680 4024 reportatam
738 3962 878 4007 cum
935 3941 1156 4025 populi
1215 3941 1364 4005 victi
1394 3941 1651 4033 ‚legatis
1694 3961 1919 4025 pacem
1964 3963 2079 4007 sua
2122 3948 2350 4026 sponte
2393 3942 2604 4009 facere
2645 3966 2779 4011 non

292 4050 572 4134 possint,
634 4051 924 4117 inducias
971 4051 1127 4116 dant
1170 4052 1331 4116 tanti
1377 4052 1710 4134 temporis,
1754 4059 1823 4115 ut
1865 4051 2016 4117 victi
2060 4053 2307 4145 legatos
2350 4052 2599 4119 mittere
2642 4074 2785 4136 pos-

297 4161 426 4227 sint
467 4160 554 4225 ad
599 4168 890 4226 senatum
931 4160 1104 4255 iique
1147 4161 1233 4225 ad
1278 4163 1602 4227 consulem
1646 4162 1856 4228 redire
1899 4164 2163 4245 possint.

462 4271 685 4351 Itaque
727 4271 794 4334 in
839 4272 1225 4336 contrarium
1268 4271 1676 4354 cogitandum
1724 4292 1863 4337 6666
1898 4272 2149 4337 videtur
2181 4271 2261 4338 de
2291 4272 2782 4340 advenientibus

291 4380 574 4445 hostium
603 4379 834 4461 legatis
863 4380 1072 4447 medio
1104 4401 1292 4445 anno.
1339 4382 1440 4446 Ita
1470 4382 1680 4449 medio
1712 4402 1881 4447 611116
1910 4383 2179 4448 Romam
2208 4389 2521 4449 venerunt
2548 4383 2781 4465 legati:

434 4585 482 4646 1)
517 4580 634 4635 Pol.
669 4577 842 4646 XXX,
886 4585 961 4633 17.
1030 4578 1146 4635 Liv.
1183 4580 1352 4649 XLV,
1388 4586 1468 4635 44.
1539 4584 1678 4651 App.
1718 4582 1955 4637 Mithrid.
1992 4586 2039 4636 2.
2110 4582 2269 4639 Diod.
2305 4582 2505 4649 XXXI,
2543 4588 2621 4638 15.
2672 4583 2777 4639 Dio

295 4672 444 4729 Cass,
481 4673 548 4727 fr.
587 4672 707 4727 Urs.
749 4677 864 4729 162.
911 4674 1105 4729 Zonar.
1143 4674 1237 4740 IX,
1273 4680 1354 4729 34.
1497 4679 1549 4742 2)
1583 4676 1698 4731 Ρ61.
1736 4674 1990 4741 XXXIII,
2030 4682 2105 4731 16.
