3400 5300
1598 281 2021 341 -10-.

564 456 731 516 sunt.
797 446 1048 515 Similia
1089 452 1302 512 autem
1345 446 1626 530 hospitia
1664 448 2121 528 posterioribus
2153 446 2542 530 temporibus
2571 448 2773 514 multa
2799 447 3058 515 fiebant.

565 561 809 626 Gentes
853 558 1025 625 enim
1057 559 1484 624 Romanorum
1529 556 1771 622 civitati
1817 557 2210 640 coniunctae,
2256 577 2397 622 cum
2429 557 2671 623 Romae
2713 558 2797 623 ab
2841 559 3059 641 aliquo

566 676 747 738 suum
793 667 1212 753 patrocinium
1241 667 1478 750 suscipi
1517 668 1839 745 vellent¹),
1886 685 1923 733 e
1950 667 2249 750 gentibus
2278 669 2706 734 Romanorum
2738 668 3059 735 nobilibus

565 789 870 864 patronos
901 776 1246 862 eligebant,
1291 778 1664 860 quibuscum
1692 776 1867 842 haud
1898 797 2045 843 raro
2072 778 2417 861 hospitium
2443 778 2797 862 iungebant
2807 781 2869 856 ²).
2926 777 3059 845 Sed

567 893 660 957 ita
717 910 845 954 non
903 888 1160 972 proprio
1214 887 1492 969 hospitio
1549 906 1659 953 eos
1724 887 2095 954 coniunctos
2148 887 2375 971 fuisse,
2448 889 2565 956 sed
2620 889 3059 955 tantummodo

566 997 950 1086 procurandi
993 998 1250 1080 negotia
1293 996 1500 1063 officio
1543 996 1713 1080 quod
1757 997 2011 1081 patroni
2041 998 2311 1064 Romani
2356 1004 2769 1083 susceperant
2796 999 3060 1066 Momm-

568 1131 760 1179 senus
789 1117 962 1177 recte
993 1108 1206 1192 docuit
1219 1110 1284 1185 3).
1351 1107 1531 1187 Quae
1562 1127 1705 1174 cum
1734 1107 1827 1172 ita
1855 1107 1985 1175 sint
2014 1109 2115 1174 his
2144 1109 2523 1176 testimoniis
2550 1111 2644 1175 uti
2673 1130 2802 1175 non
2830 1129 3061 1193 possu-

568 1242 738 1301 mus,
798 1221 919 1286 nisi
973 1219 1243 1286 fortasse
1285 1226 1650 1298 teneamus,
1708 1218 1776 1283 in
1820 1219 1937 1284 tali
1978 1219 2256 1303 hospitio
2297 1219 2592 1286 faciendo
2637 1238 2891 1305 semper
2930 1240 3063 1285 una

569 1329 1023 1413 comprehendi
1068 1335 1381 1415 posteros.
1451 1330 1678 1412 Itaque
1721 1348 1757 1395 e
1803 1329 1971 1394 Livii
2013 1330 2375 1396 testimonio
2420 1329 2521 1408 (V,
2568 1333 2694 1413 28),
2740 1330 2841 1397 cui
2884 1349 3063 1396 acce·

572 1441 664 1506 dit
719 1439 928 1508 Servii
983 1429 1070 1506 ad
1127 1441 1316 1524 Verg.
1376 1440 1535 1506 Aen.
1595 1439 1728 1523 IX,
1790 1441 1973 1516 360⁴)
2030 1439 2390 1523 adnotatio,
2451 1440 2890 1507 tantummodo
2948 1461 3059 1506 co-

568 1551 950 1636 gnoscimus,
994 1551 1063 1616 in
1107 1550 1400 1635 hospitiis
1442 1549 1785 1633 iungendis
1822 1550 1993 1616 dona
2037 1549 2179 1617 dari
2222 1552 2451 1618 solere.

740 1662 871 1728 Sed
926 1662 1126 1726 multo
1172 1659 1530 1726 uberiorem
1576 1661 1915 1726 materiam·
1953 1681 2289 1745 rerumque
2332 1663 2580 1745 copiam
2624 1661 2879 1728 haurire
2920 1681 3063 1745 pos·

571 1791 788 1838 sumus
846 1791 883 1837 e
941 1771 1128 1836 certis
1178 1770 1391 1836 verbis
1434 1769 1566 1836 Seti
1612 1771 1693 1836 de
1737 1770 2158 1855 Asclepiade,
2219 1773 2610 1856 Polystrato,
2668 1772 2950 1838 Menisco
2992 1771 3061 1835 in

571 1882 912 1946 amicorum
955 1880 1290 1946 formulam
1333 1879 1687 1947 referendis
1734 1879 1828 1957 (C.
1859 1880 1911 1944 1.
1944 1882 2017 1947 L.
2060 1889 2105 1947 t.
2137 1881 2187 1946 I.
2231 1903 2291 1966 p.
2333 1886 2492 1959 110).
2567 1881 2731 1947 Inde
2772 1886 3062 1964 apparet,

486 1971 494 1981 ’
571 1992 914 2074 hospitium
967 1991 1308 2078 iungentes
1365 2009 1573 2073 neque
1627 1991 2038 2057 iureiurando
2097 1991 2248 2058 dato
2304 2011 2513 2075 neque
2556 2011 2737 2058 sacro
2780 1991 2947 2056 facto
2990 2007 3063 2055 se

571 2107 987 2187 posterosque
1031 2100 1338 2182 obligare,
1382 2107 1452 2165 ut
1495 2101 1745 2183 utrique
1784 2101 1980 2168 liceat
2021 2103 2103 2169 de
2146 2103 2335 2169 rebus
2378 2104 2515 2170 suis
2541 2102 2791 2167 mittere
2818 2101 3067 2182 legatos

570 2211 774 2295 iisque
827 2211 1054 2276 aliisve
1110 2211 1518 2277 venientibus
1573 2233 1705 2277 non
1761 2212 1952 2278 modo
2008 2213 2223 2295 legum
2266 2213 2469 2279 tutela
2510 2234 2640 2278 non
2686 2211 2888 2290 desit,
2948 2209 3064 2275 sed

573 2322 766 2389 etiam
823 2322 902 2387 iis
956 2341 1222 2387 munera
1273 2321 1533 2402 dentur,
1589 2323 1768 2388 loeus
1811 2323 2135 2407 lautiaque
2176 2323 2635 2408 praebeantur,
2694 2319 3066 2389 sacrificium

574 2432 816 2497 Romae
877 2430 944 2495 in
1003 2430 1316 2515 Capitolio
1378 2432 1587 2497 facere
1650 2433 1920 2510 liceat⁶).
2023 2433 2109 2498 Ut
2173 2441 2387 2499 autem
2446 2431 2935 2516 significaretur,
2995 2431 3062 2494 in

573 2547 904 2608 aeternum
951 2540 1294 2624 hospitium
1340 2559 1481 2607 esse
1524 2542 1781 2623 factum,
1828 2543 1895 2606 in
1942 2541 2189 2609 duabus
2218 2543 2455 2638 tabulis
2486 2543 2771 2624 aheneis,
2817 2540 3065 2606 duabus

574 2653 872 2735 gentibus
929 2651 1266 2719 destinatis
1284 2700 1300 2733 ,
1347 2651 1778 2730 incidebatur,
1839 2674 2101 2736 quarum
2159 2655 2430 2720 alteram
2485 2654 2758 2719 Romani
2814 2651 3067 2737 publice

575 2763 900 2846 ponebant
952 2762 1020 2825 in
1077 2760 1240 2828 aede
1283 2762 1466 2830 Fidei
1520 2764 1743 2848 populi
1786 2765 2089 2846 Romani,
2146 2784 2347 2850 prope
2401 2764 2488 2831 ad
2531 2766 2839 2848 templum
2884 2762 3066 2828 Jovis

577 2871 921 2954 Capitolini
976 2870 1178 2948 sita0).
1266 2874 1368 2938 Ita
1425 2892 1576 2937 vero
1621 2893 1764 2938 cum
1807 2874 2683 2958 hospitia‘coniungerentur,
2728 2874 2921 2939 facile
2961 2873 3067 2937 in-

575 2982 901 3063 telligitur,
947 2980 1154 3047 officia
1198 3002 1329 3048 non
1374 3002 1789 3066 evanescere,
1852 2985 1974 3050 nisi
2018 2992 2130 3051 aut
2171 2986 2589 3062 renuntiato⁷)
2635 2984 2912 3069 hospitio
2956 2988 3067 3048 aut

576 3092 658 3157 ab
705 3095 906 3158 altera
950 3092 1208 3158 civitate
1251 3093 1511 3177 hospitii
1555 3094 1690 3159 iure
1735 3096 2029 3177 neglecto
2041 3098 2106 3173 ⁸).
2800 3082 2807 3091 ’

635 3370 639 3373 ·
718 3349 765 3411 1)
801 3362 848 3399 v.
884 3344 1042 3400 Dion.
1078 3345 1147 3410 II,
1173 3351 1250 3399 11.
1297 3346 1438 3414 App.
1475 3345 1598 3399 bell.
1623 3345 1722 3399 civ.
1760 3343 1831 3409 H,
1856 3350 1903 3398 4.
1952 3344 2089 3399 Plin.
2125 3361 2179 3399 11.
2216 3346 2271 3399 h.
2310 3351 2393 3410 34,
2430 3350 2505 3400 15.
2558 3344 2771 3415 Paulyi:
2812 3343 3066 3399 Realenc.

577 3443 614 3491 t.
644 3438 709 3503 V,
756 3454 810 3506 p.
854 3442 994 3491 1247.
1201 3441 1254 3503 2)
1288 3454 1336 3491 v.
1371 3436 1776 3491 Wilmannsi
1822 3438 2047 3506 exempl.
2092 3438 2283 3493 inscrr.
2332 3438 2450 3492 latt.
2486 3442 2525 3491 t.
2562 3437 2633 3504 H,
2687 3439 3065 3492 2849-2861.

577 3530 927 3585 Mommseni:
979 3530 1130 3585 Rom.
1175 3530 1403 3585 Forsch.
1448 3535 1488 3583 t.
1524 3530 1578 3597 Ι,
1623 3547 1675 3599 p.
1726 3524 1823 3586 335
1872 3530 1994 3585 adn.
2036 3537 2115 3586 15.
2322 3538 2371 3594 3)
2419 3548 2467 3586 v.
2510 3530 2860 3586 Mommseni:
2912 3530 3069 3586 Rom.

578 3625 802 3681 Forsch.
840 3634 879 3677 t.
917 3625 960 3690 Ι,
995 3640 1049 3692 p.
1080 3628 1197 3679 358.
1327 3627 1403 3693 ,4)
1441 3623 1822 3687 „Consuetudo
1858 3630 1975 3679 erat
2008 3625 2153 3693 apud
2189 3626 2434 3689 maiores,
2470 3629 2532 3677 ut
2564 3624 2705 3705 inter
2738 3639 2797 3678 se
2829 3624 3072 3679 homines

577 3719 798 3787 hospitii
846 3718 968 3771 iura
1023 3718 1223 3773 mutuis
1275 3718 1588 3772 muneribus
1651 3718 1969 3786 copularent
2026 3720 2109 3775 vel
2159 3735 2257 3788 per
2307 3717 2717 3773 internuntios“.
2925 3724 2975 3781 5)
3020 3735 3069 3772 v.

579 3812 924 3866 Mommseni:
980 3810 1134 3866 Rom.
1172 3804 1396 3865 Forsch.
1434 3816 1472 3864 t.
1509 3810 1554 3877 1,
1588 3828 1640 3880 p.
1679 3816 1965 3868 331—354.
2124 3816 2175 3877 6)
2210 3830 2258 3865 v.
2295 3812 2412 3866 Pol.
2448 3812 2546 3876 HI,
2584 3814 2664 3865 25.
2718 3811 2832 3865 Liv.
2868 3810 2939 3877 H,
2975 3816 3069 3879 333

578 3906 672 3971 IV,
697 3912 754 3974 ῖς
791 3904 991 3972 XXVI,
1029 3908 1121 3972 243
1157 3903 1409 3967 XXXIX,
1447 3908 1530 3959 37.
1598 3905 1759 3958 Dion.
1797 3905 1867 3971 ῙΙ,
1905 3910 1995 3973 55;
2029 3906 2128 3970 ΙΠ,
2166 3910 2260 3973 333
2295 3905 2389 3970 IV,
2420 3909 2508 3959 26.
2567 3904 2677 3959 Cic.
2714 3921 2766 3972 p.
2803 3904 2957 3959 Balb.
2986 3908 3071 3957 23.

581 4000 732 4068 App.
768 3998 884 4068 Syr.
923 4002 1004 4051 39.
1042 3998 1191 4052 Suet.
1212 3997 1376 4066 Vesp.
1413 4001 1460 4051 8.
1498 3997 1602 4052 Ios.
1621 3999 1688 4050 A.
1724 3999 1765 4050 Ι.
1801 3999 1922 4063 XII,
1946 4003 2026 4053 17.
2062 3998 2409 4053 Mommseni:
2446 3997 2633 4051 annali
2665 3996 2787 4051 dell’
2822 3996 3071 4051 instituto

581 4092 636 4147 (Ii
681 4092 906 4160 corrisp.
943 4091 1317 4158 archeologica
1355 4095 1485 4145 1858
1536 4107 1590 4159 p.
1634 4095 1927 4147 181-2122
1980 4092 2136 4146 Rom.
2171 4091 2395 4145 Forsch.
2432 4097 2472 4145 t.
2509 4091 2559 4154 Ι,
2603 4107 2657 4159 p.
2697 4095 2795 4146 339
2829 4089 2950 4144 adn.
2988 4095 3075 4144 26.

581 4184 1010 4241 Mendelssohni:
1063 4184 1248 4239 Senati
1284 4185 1530 4239 consulta
1565 4185 1811 4240 Romana
1843 4185 1900 4238 in
1932 4184 2144 4253 Ioseph.
2180 4184 2449 4252 antiquitt.
2496 4200 2549 4253 p.
2586 4189 2669 4251 98,
2712 4187 2835 4251 195„
2859 4188 2955 4237 245
2994 4182 3073 4253 [in

581 4282 702 4333 Act.
749 4293 857 4333 soc.
902 4277 1085 4346 philol.
1119 4277 1270 4346 Lips.
1315 4277 1398 4332 ed.
1433 4277 1765 4333 Bitschelius
1812 4284 1850 4331 t.
1887 4277 1979 4347 V].
2163 4282 2213 4341 7)
2260 4294 2307 4331 v.
2343 4277 2559 4346 Paulyi:
2607 4278 2862 4332 Realenc.
2898 4282 2935 4329 t.
2972 4276 3073 4341 111,

581 4389 635 4441 p.
676 4376 822 4425 1521.
875 4369 1222 4425 Mommseni:
1260 4369 1415 4425 Rom.
1450 4371 1674 4426 Forsch.
1712 4373 1751 4425 t.
1787 4371 1830 4437 Ι,
1867 4388 1922 4440 p.
1961 4375 2077 4425 342.
2112 4370 2384 4426 ·Walteriz
2423 4371 2617 4425 Gesch.
2644 4371 2696 4426 d.
2718 4376 2848 4424 rom.
2867 4370 3073 4425 Rechts

581 4470 621 4519 t.
658 4465 702 4529 Ι,
739 4468 769 4530 ξ
807 4469 889 4529 82,
923 4481 975 4532 p.
999 4468 1095 4517 116
1130 4463 1253 4518 adn.
1279 4469 1356 4517 17.
1496 4469 1546 4530 8)
1581 4463 1993 4521 v.Mommseni:
2032 4464 2184 4518 Rom.
2208 4464 2435 4519 Forsch.
2473 4468 2513 4517 t.
2551 4465 2591 4529 Ι,
2629 4480 2684 4532 p.
2712 4468 2809 4518 343
2846 4464 2967 4518 adn.
2989 4466 3073 4517 32.

581 4557 771 4625 Itaque
805 4556 1066 4625 Epirotae
1111 4573 1232 4612 cum
1267 4557 1462 4612 officiis
1497 4556 1811 4623 defuissent,
1846 4558 2116 4627 petierunt
2150 4556 2285 4619 (Liv.
2322 4558 2573 4624 XXXVI,
2609 4562 2694 4623 35)
2729 4586 2798 4597 -
2832 4556 3075 4625 quamvis

583 4649 820 4705 nondum
855 4651 1164 4704 renuntiata
1199 4655 1344 4705 esset
1376 4651 1614 4705 amicitia
1649 4681 1716 4689 —
1749 4655 1814 4705 ut
1846 4651 1904 4705 in
1937 4651 2165 4721 pristina
2198 4652 2435 4707 amicitia
2468 4665 2588 4706 esse
2620 4650 2727 4707 sibi
2758 4650 2963 4707 liceret.
