3400 5300
1392 317 1813 378 ...35—

361 489 508 550 sunt
571 483 787 566 itaque
849 484 917 548 in
982 484 1203 550 urbem
1268 482 1506 550 intrare
1559 485 1628 548 in
1686 501 1891 565 eaque
1946 482 2320 549 commorari
2376 490 2661 567 possunt.
2750 484 2853 549 Ita

362 592 981 676 Carthaginiensium
1023 595 1222 678 legati
1265 614 1325 660 a.
1360 597 1624 671 5531201
1673 599 1967 677 petentes
2011 597 2081 658 ut
2122 591 2244 658 sibi
2284 598 2549 659 senatus
2593 591 2852 659 daretur

359 701 446 768 ad
489 723 690 770 novos
732 704 1026 771 consules
1069 704 1288 770 reiecti
1333 711 1531 786 sunt,
1575 702 1690 769 sed
1733 702 1970 769 auditis
2013 721 2175 786 pace
2219 700 2475 768 decreta
2516 703 2583 768 in
2627 703 2851 770 urbem

355 812 616 878 introire
660 820 724 878 et
765 832 907 878 cum
951 814 1194 880 civibus
1237 814 1369 880 suis
1411 814 1616 897 captis
1659 813 1938 896 colloqui
1980 812 2176 878 licuit.
2242 811 2400 878 Cum
2444 818 2656 878 autem
2686 813 2850 890 (Liv.

358 923 577 1004 XXX,
624 927 760 1005 39),
821 931 1158 1008 postquam
1205 922 1830 1007 Carthaginiensium
1874 923 2072 1005 legati
2115 923 2381 988 Romam
2426 921 2844 1002 advenerunt,

357 1033 429 1098 L.
481 1033 777 1126 Veturius
833 1033 1020 1099 Philo
1077 1034 1148 1099 in
1207 1041 1433 1101 senatu
1492 1040 1556 1101 et
1609 1035 1676 1098 in
1734 1033 2031 1099 contione
2095 1031 2178 1098 de
2232 1033 2390 1099 belli
2445 1031 2611 1098 felici
2672 1032 2849 1098 exitu

356 1150 735 1226 exponeret,
798 1141 947 1208 dein
1004 1144 1501 1228 supplicationes
1543 1143 1612 1207 in
1653 1141 1932 1208 triduum
1978 1141 2496 1223 decernerentur,
2556 1142 2705 1208 dein
2750 1162 2851 1208 co-

353 1253 532 1319 mitia
573 1252 1017 1320 adcreandos
1061 1255 1469 1337 magistratus
1513 1254 1921 1334 haberentur,
1970 1251 2122 1318 dein
2167 1251 2248 1318 de
2293 1251 2639 1336 provinciis
2680 1253 2849 1318 inter

355 1363 649 1429 consules
691 1361 773 1428 lis
817 1369 1018 1443 esset,
1064 1362 1340 1446 denique
1380 1363 1580 1446 legati
1622 1363 1690 1427 in
1734 1370 2027 1429 senatum
2068 1361 2650 1444 introducerentur,
2694 1369 2846 1429 ante

353 1479 646 1540 senatum
693 1471 910 1538 datum
954 1475 1337 1557 permultum
1382 1472 1686 1557 temporis
1718 1478 2158 1556 consumptum
2189 1491 2331 1538 esse
2358 1470 2627 1538 videtur.
2688 1471 2845 1538 Cum

353 1587 566 1648 autem
596 1582 794 1667 legati
822 1602 982 1666 pace
1010 1581 1181 1649 facta
1208 1602 1324 1668 per
1352 1583 1690 1667 plerosque
1724 1581 1859 1649 dies
1887 1584 2131 1649 Romae
2174 1587 2509 1647 manerent
2537 1581 2686 1648 dein
2716 1603 2847 1647 una

353 1712 495 1758 cum
540 1692 763 1759 decem
806 1693 1034 1776 legatis
1077 1692 1163 1758 ad
1207 1712 1309 1759 res
1355 1691 1748 1758 ordinandas
1803 1691 2016 1759 missis
2064 1691 2150 1757 ad
2194 1690 2558 1774 Scipionem
2602 1690 2846 1776 profici-

353 1808 696 1883 scerentur,
745 1803 932 1869 nobis
961 1803 1123 1869 haec
1153 1803 1368 1868 omnia
1398 1802 1945 1888 perpendentibus
1975 1801 2602 1884 Carthaginiensium
2646 1802 2845 1885 legati

352 1911 600 1977 circiter
642 1933 759 1997 per
800 1913 1028 1996 viginti
1075 1911 1213 1978 dies
1257 1914 1627 1979 commorati
1673 1933 1814 1980 esse
1859 1913 2175 1980 videntur.

521 2022 703 2087 Idem
758 2022 890 2089 fere
945 2042 1062 2106 per
1115 2029 1366 2107 tempus
1408 2022 1712 2089 Antiochi
1766 2025 1939 2106 regis
1989 2024 2238 2107 legatos
2252 2024 2295 2100 ¹)
2351 2023 2593 2086 Romae
2649 2021 2845 2088 fuisse

349 2133 698 2198 verisimile
764 2139 881 2198 est.
983 2131 1104 2211 Qui
1180 2151 1320 2197 eum
1385 2128 1509 2217 ἤδη
1575 2134 1691 2216 τῆς
1757 2138 2027 2215 θερείας
2094 2128 2515 2214 ἐνισταμένης
2576 2133 2845 2196 Romam

347 2262 405 2308 a.
453 2244 726 2318 5651189
769 2242 1126 2322 venissent,
1173 2241 1246 2307 L.
1291 2241 1591 2307 Aurelius
1636 2241 1821 2309 Cotta
1864 2245 1931 2309 in
1977 2247 2202 2310 senatu
2244 2243 2548 2326 primum,
2608 2239 2845 2306 deinde

343 2351 414 2415 in
471 2350 769 2418 contione
822 2369 986 2433 quae
1041 2358 1186 2416 acta
1240 2350 1307 2415 in
1355 2351 1510 2417 Asia
1553 2371 1769 2442 essent
1811 2354 2135 2452 exposuit,
2184 2352 2419 2418 deinde
2460 2349 2843 2433 supplicatio

344 2460 412 2525 in
471 2459 750 2525 triduum
810 2460 1067 2526 decreta
1123 2466 1222 2527 est
1239 2509 1255 2543 ‚
1318 2459 1594 2544 denique
1651 2461 1850 2540 legati
1907 2470 2054 2529 sunt
2094 2461 2317 2528 auditi.
2406 2462 2559 2526 Post
2601 2478 2841 2544 paucos

347 2568 485 2636 dies
529 2569 788 2636 foedere
832 2590 972 2636 cum
1018 2569 1333 2635 Antiocho
1377 2569 1544 2636 facto
1586 2571 1786 2655 legati
1830 2572 2130 2657 aderant,
2189 2591 2329 2638 cum
2376 2571 2596 2637 decem
2640 2570 2841 2653 legati

346 2686 744 2763 crearentur,
793 2686 986 2763 atque
1029 2679 1193 2747 adeo
1238 2702 1379 2748 cum
1423 2683 1502 2749 iis
1547 2689 1808 2749 senatus
1853 2703 2165 2749 summam
2210 2701 2417 2749 rerum
2462 2701 2651 2764 quam
2696 2701 2842 2745 con·

344 2792 546 2857 stituit
590 2810 732 2856 cum
775 2790 1008 2874 legatis
1066 2792 1572 2857 communicavit.
1663 2792 1958 2875 Denique
2018 2814 2160 2859 cum
2220 2792 2440 2860 decem
2498 2790 2729 2874 legatis
2772 2791 2841 2857 in

340 2900 562 2966 Asiam
607 2899 872 2985 profecti
915 2908 1081 2967 sunt.

342 3102 421 3167 D.
469 3103 960 3185 Populorum
1007 3102 1141 3185 qui
1185 3103 1686 3187 societatem
1724 3121 1896 3167 cum
1932 3104 2321 3171 Romanis
2365 3104 2576 3169 inire
2617 3104 2838 3168 vole·

1323 3212 1525 3278 bant
1567 3213 1853 3295 legati.

511 3347 788 3430 Legatos
832 3350 1146 3431 gentium,
1208 3350 1313 3433 qui
1357 3347 1445 3413 ad
1487 3348 1855 3415 societatem
1899 3345 2259 3412 faciendam
2305 3348 2647 3429 venerunt,
2703 3354 2835 3413 tam

342 3455 450 3521 diu
496 3477 687 3539 quam
730 3458 1037 3523 volebant
1078 3461 1320 3525 Romae
1363 3476 1624 3524 manere
1667 3457 1970 3540 potuisse,
2014 3475 2131 3540 per
2172 3475 2243 3523 se
2285 3461 2496 3539 patet;
2540 3454 2656 3522 sed
2693 3476 2835 3522 cum

339 3567 422 3633 de
467 3569 602 3634 eius
647 3567 818 3633 modi
862 3568 1095 3651 legatis
1138 3588 1222 3635 ne
1265 3589 1460 3633 unum
1505 3565 1762 3650 quidem
1808 3566 2238 3633 testimonium
2282 3571 2485 3647 extet,
2546 3566 2708 3631 nihil
2752 3567 2835 3633 de

336 3677 478 3760 ipso
523 3678 828 3761 temporis
872 3677 1080 3761 spatio
1125 3697 1238 3761 per
1281 3676 1452 3759 quod
1488 3678 1733 3741 Romae
1775 3676 2123 3742 manebant
2168 3676 2359 3742 statui
2402 3681 2635 3759 potest.
2702 3676 2834 3743 Sed

336 3786 662 3869 pertinent
717 3788 840 3852 huc
899 3807 1063 3870 quae
1118 3785 1674 3853 Mendelssohnius
1734 3787 2029 3870 exposuit
2082 3787 2149 3851 in
2191 3786 2368 3852 Actis
2424 3805 2549 3851 soc.
2608 3785 2836 3869 philol.

336 3897 692 3980 Lipsiensis
735 3898 1212 3964 Ritschelianae
1257 3902 1321 3975 (t.
1359 3896 1432 3959 V.
1481 3918 1542 3979 p.
1595 3900 1714 3961 116
1738 3902 1857 3978 sq.)
1905 3896 1986 3961 de
2029 3895 2269 3961 Valerii
2314 3895 2579 3960 Maximi
2624 3896 2667 3960 l.
2701 3899 2759 3979 3,
2792 3900 2828 3962 3

336 4005 551 4072 verbis
594 4006 695 4072 his
738 4012 1038 4090 „praetor
1080 4008 1452 4091 peregrinus
1495 4007 1578 4071 M.
1611 4006 1861 4090 Popilio
1895 4007 2183 4072 Laenate
2217 4005 2291 4071 L.
2324 4004 2672 4090 Calpurnio
2702 4026 2830 4072 cos.

335 4115 543 4181 edicto
591 4114 951 4184 Chaldaeos
1006 4117 1178 4182 intra
1234 4115 1548 4182 decimum
1608 4114 1777 4181 diem
1832 4116 2011 4181 abire
2065 4132 2147 4180 ex
2203 4115 2362 4180 urbe
2400 4122 2595 4198 atque
2638 4116 2830 4181 Italia

333 4225 518 4291 iussit
566 4274 578 4287 .
615 4273 630 4289 .
665 4273 679 4289 .
714 4274 731 4290 .
776 4226 947 4291 idem
992 4224 1250 4293 Iudaeis
1309 4227 1416 4309 qui
1461 4226 1693 4292 Sabazi
1755 4226 1927 4291 Iovis
1981 4225 2152 4291 cultu
2195 4226 2517 4291 Romanos
2571 4224 2827 4293 inficere

335 4354 543 4399 mores
587 4335 796 4399 conati
844 4341 1057 4418 erant,
1116 4342 1408 4420 repetere
1468 4335 1691 4401 domos
1741 4354 1890 4401 suas
1933 4326 2164 4418 coegit'
2213 4335 2290 4401 A.
2336 4336 2507 4403 enim
2555 4335 2823 4414 6151139

334 4443 556 4510 Iudaei
604 4444 750 4521 (Ios.
787 4445 864 4509 A.
894 4446 945 4509 I.
994 4445 1169 4528 XIV,
1218 4450 1275 4528 8,
1310 4450 1346 4509 5
1390 4467 1449 4512 v.
1494 4444 1977 4541 Mendelssohni
2021 4445 2064 4510 l.
2096 4448 2175 4523 c.)
2219 4445 2561 4511 amicitiam
2598 4448 2825 4512 Roma-

479 4666 520 4721 1)
557 4660 676 4715 Pol.
714 4660 888 4728 XXII,
935 4666 975 4715 1.
1035 4662 1149 4717 Liv.
1185 4662 1462 4729 XXXVII,
1501 4667 1582 4719 52.

2338 4747 2415 4801 3*
