3400 5300
1690 303 2233 386 —44-—‚

1617 982 1959 1060 CAPUT
2010 982 2186 1060 VII.
2276 1023 2281 1027 ·

649 1172 763 1236 ET
812 1169 1184 1238 SUMMUM
1234 1143 1861 1237 MAGISTRATUM
1911 1170 2026 1236 ET
2068 1168 2494 1236 SINGULos
2538 1167 3043 1237 SENATORES
3088 1171 3161 1237 A

933 1288 1302 1355 LneArrs
1343 1288 1617 1355 SAEPE
1659 1287 2042 1354 PEOUNIA
2086 1286 2295 1353 Essa
2341 1286 2863 1356 consumes,

820 1473 952 1541 Sed
993 1495 1124 1540 non
1167 1467 1372 1540 solum
1411 1474 1661 1558 publiea
1706 1474 1877 1540 dona
1919 1474 2114 1557 legati
2158 1473 2389 1540 afferre
2430 1475 2747 1556 solebant,
2790 1473 2909 1540 sed
2952 1474 3155 1541 etiam

642 1587 944 1670 pm'vatim
1001 1592 1066 1651 et
1119 1585 1396 1668 hospitio
1453 1587 1705 1669 privato
1763 1585 2239 1652 coniunctorum
2306 1591 2673 1651 senatorum
2728 1583 2976 1650 animos
3030 1584 3157 1648 im-

650 1695 986 1780 pellebant
1042 1701 1105 1762 et
1159 1701 1372 1780 patres
1428 1696 1676 1762 nobiles
1732 1695 2234 1778 auctoritateque
2290 1694 2679 1760 excellentes
2736 1697 2830 1772 (ut
2886 1701 3155 1760 senatus

650 1806 1061 1890 principem),
1120 1807 1478 1889 quicunque
1524 1811 1726 1886 erant,
1774 1805 2062 1890 pecuniis
2107 1803 2341 1870 dandis
2383 1823 2786 1887 corrumpere
2828 1803 3157 1870 conaban-

647 1923 779 1998 tur,
837 1921 908 1981 ut
960 1915 1028 1980 in
1087 1920 1312 1981 senatu
1369 1915 1439 1979 in
1494 1935 1676 1981 suam
1719 1919 1993 1998 gratiam
2035 1914 2391 1981 sententias
2434 1914 2739 1982 dicerent.
2823 1914 3154 1998 Imprimis

648 2031 862 2092 autem
935 2044 1080 2091 eum
1147 2025 1585 2108 magistratum
1656 2025 1763 2108 qui
1838 2024 2225 2108 legationes>
2276 2026 2344 2089 in
2407 2031 2698 2091 senatum
2772 2023 3151 2108 introduxit,

650 2133 926 2218 pecunia
991 2132 1147 2200 data
1206 2153 1605 2200 commovere
1670 2134 2052 2216 studebant,
2122 2141 2185 2200 et
2248 2143 2318 2199 ut
2384 2134 2506 2200 sibi
2570 2141 2831 2200 senatus
2895 2141 3153 2203 mature

651 2243 909 2311 daretur
981 2251 1046 2310 et
1114 2249 1214 2326 ut,
1303 2245 1358 2310 si
1429 2246 1670 2311 multae
1748 2245 2105 2328 legationes
2176 2245 2419 2310 Romae
2496 2245 2802 2311 adessent
2816 2247 2857 2320 ¹)
2876 2296 2891 2326 ,
2969 2245 3152 2328 prius

648 2359 841 2437 q'uam
899 2353 1070 2419 aliae
1127 2353 1630 2420 admitterentur.
1717 2356 1819 2422 Ita
1875 2356 2002 2439 iam
2048 2353 2280 2420 Cineas
2324 2355 2553 2440 Pyrrhi
2608 2356 2861 2439 legatus
2916 2361 2981 2421 et
3020 2357 3153 2421 Ro-

649 2483 874 2529 manos
929 2462 1214 2547 pecuniis
1272 2471 1336 2530 et
1389 2485 1606 2532 eorum
1647 2465 1947 2531 mulieres
1991 2462 2229 2528 mundo
2274 2463 2569 2529 muliebri
2612 2462 2828 2530 dando
2874 2484 3154 2532 commo-

523 2624 527 2628 ·
646 2593 800 2640 vere
841 2567 1106 2640 conatus
1151 2580 1265 2656 est,
1312 2572 1422 2638 ἵνα
1468 2573 1526 2639 εἰ
1569 2578 1678 2638 καί
1721 2597 1893 2651 τινες
1936 2579 2068 2637 τῶν
2100 2566 2354 2655 ἀνδρῶν
2386 2565 2771 2655 ἆντίσχοιεν,
2820 2573 2893 2639 αἱ
2918 2583 3151 2658 γυναῖ-

649 2707 756 2760 κες
815 2680 1031 2748 αὐτῶν
1088 2692 1231 2760 τοῖς
1289 2684 1563 2767 κόσμοις
1621 2678 2163 2750 ἀποπεισθεῒσαι
2218 2676 2551 2760 κάκείνους
2603 2683 3149 2770 συνδιαφθείρειν-

651 2815 756 2858 σιν
769 2796 848 2878 ²);
893 2793 1040 2873 sed,
1102 2812 1268 2875 quae
1312 2802 1448 2860 erat
1489 2795 1569 2861 iis
1612 2795 2006 2878 temporibus
2049 2796 2477 2861 Romanorum
2522 2794 2946 2879 abstinentia,
3006 2796 3149 2863 eius

653 2903 824 2969 dona
880 2922 1068 2968 nemo
1127 2904 1392 2987 accepit.
1482 2904 1612 2971 Sed
1668 2905 1880 2989 prisca
1934 2905 2049 2970 illa
2103 2906 2529 2970 Romanorum
2584 2906 2786 2973 virtus
2840 2927 2973 2972 non
3031 2905 3147 2971 diu

649 3012 872 3078 valuit.
960 3012 1267 3079 Ultimum
1325 3013 1576 3080 videtur
1623 3014 1822 3081 fuisse
1866 3015 2227 3100 exemplum
2272 3015 2733 3099 abstinentiae,
2793 3035 2919 3099 qua
2958 3015 3149 3081 floru-

651 3130 838 3190 erunt
877 3123 1320 3189 M.-Aemilius
1363 3124 1681 3209 Lepidus,
1728 3125 2026 3190 Pontifex
2071 3125 2389 3191 Maximus
2431 3132 2496 3192 et
2539 3132 2803 3193 senatus
2844 3128 3148 3210 princeps

647 3240 844 3317 atque
899 3234 970 3298 L.
1016 3232 1327 3301 Aemilius
1371 3234 1651 3301 Paullus.
1740 3234 2031 3318 Charops
2076 3236 2245 3301 enim
2287 3234 2583 3320 Epirota,
2637 3256 2777 3303 cum
2821 3236 2889 3301 in
2931 3236 3147 3319 patria

646 3364 856 3431 rerum
913 3344 1152 3427 potitus
1196 3344 1398 3409 multa
1439 3346 1683 3410 scelera
1728 3344 2175 3428 commisisset,
2231 3345 2501 3410 Romam
2544 3366 2603 3411 a.
2650 3345 2921 3423 596l158
2963 3345 3147 3411 venit

648 3459 713 3519 et
755 3454 1014 3537 assequi
1059 3453 1234 3538 apud
1277 3460 1570 3519 senatum
1605 3458 1873 3519 conatus
1903 3459 2017 3535 est,
2063 3459 2133 3517 ut
2162 3453 2378 3519 omnia
2406 3472 2570 3537 quae
2598 3454 2851 3522 fecisset
2874 3462 3144 3521 senatus

648 3566 939 3631 consulto
997 3564 1581 3647 comprobarentur.
1686 3562 1865 3643 Quae
1922 3570 1992 3627 ut
2050 3561 2357 3646 efficeret,
2416 3566 2755 3648 plerosque
2811 3570 3146 3630 senatores

647 3681 872 3758 aperte
925 3673 1202 3757 pecunia
1256 3672 1670 3757 oppugnavit.
1760 3672 1890 3739 Sed
1946 3692 2087 3738 cum
2146 3692 2225 3739 ea
2278 3672 2399 3739 viri
2453 3673 2548 3737 illi
2612 3673 3143 3740 abstinentissimi

645 3790 1059 3868 cognossent,
1119 3788 1364 3847 tantum
1421 3782 1655 3864 abfuit,
1715 3790 1787 3847 ut
1842 3783 1901 3848 ei
1958 3803 2195 3849 morem
2256 3790 2585 3865 gererent,
2644 3789 2713 3849 ut
2756 3782 2949 3849 etiam
2994 3802 3141 3849 eum

648 3893 869 3960 domos
911 3895 1148 3959 intrare
1194 3897 1486 3958 vetarent
1499 3894 1562 3970 ³).

817 4004 947 4071 Sed
990 4002 1144 4069 inde
1187 4022 1229 4067 a
1271 4001 1661 4085 temporibus
1691 4001 2209 4067 Gracchanorum
2251 4001 2627 4084 tumultuum
2656 4002 3143 4085 Iugurthinique

575 4123 579 4133 '
646 4114 804 4180 belli
847 4114 1045 4178 animi
1087 4112 1412 4177 humilitas
1454 4112 1546 4177 ita
1588 4131 1811 4177 omnes
1852 4112 2196 4191 invaserat,
2241 4118 2311 4177 ut
2352 4133 2411 4178 a.
2447 4112 2676 4191 660l94
2720 4113 3135 4180 constituere-

644 4231 746 4289 tur
789 4223 1402 4314 senatusconsulto,
1448 4242 1532 4289 ne
1562 4222 1702 4305 quis
1733 4220 2143 4288 Cretensibus
2171 4223 2511 4306 pecuniam
2554 4232 2837 4289 mutuam
2874 4222 3056 4288 daret
3067 4224 3137 4305 ⁴),

819 4477 864 4540 1)
913 4472 1094 4529 Schol.
1127 4473 1263 4528 Bob.
1298 4489 1350 4541 p.
1389 4476 1486 4527 259
1524 4488 1600 4541 sq.
1669 4489 1718 4541 v.
1755 4472 1900 4527 infra
1947 4491 2001 4544 p.
2039 4478 2121 4529 59.
2327 4478 2377 4539 2)
2425 4474 2539 4530 Liv.
2575 4474 2827 4541 XXXIV,
2875 4480 2921 4529 4.
2994 4472 3140 4527 Plut.

643 4565 832 4637 Pyrrh.
869 4565 1069 4621 xvm.
1131 4565 1320 4620 lustin.
1358 4565 1556 4633 XV111,
1594 4570 1641 4619 2.
1704 4566 2003 4634 Zon.VIII,
2028 4571 2077 4620 4.
2124 4566 2247 4622 Val.
2284 4566 2431 4621 Max.
2465 4566 2559 4635 IV,
2596 4572 2643 4621 3.
2686 4572 2763 4621 14.
2920 4570 2972 4632 3)
3020 4565 3139 4620 Pol.

641 4658 871 4725 XXXII,
906 4664 984 4713 22.
1067 4738 1075 4748 .
1125 4663 1177 4725 4)
1209 4658 1336 4714 Asc.
1374 4664 1456 4713 57.
1507 4658 1725 4727 Langii:
1763 4658 1831 4713 R.
1869 4660 1941 4713 A.
1977 4660 2071 4725 H2,
2105 4664 2223 4713 410.
