3400 5300
1681 287 2101 350 -52-

781 524 842 586 3.
909 519 1385 587 Senatorum
1431 521 1900 589 sententiae
1946 521 2038 589 (16
2081 523 2383 606 legatis
2427 531 2991 608 perrogantur.

807 671 1069 756 Legatis
1127 673 1302 740 curia
1357 674 1583 740 emotis
1639 673 1999 740 sententiae
2040 675 2417 758 interrogari
2461 683 2729 760 coeptae
2771 685 2921 743 sunt
2964 678 3151 760 (Liv.

637 784 849 862 XXX,
881 787 986 862 23)
1017 789 1082 850 et
1110 783 1202 849 ita
1232 783 1509 866 quidem,
1553 791 1623 849 ut
1668 784 2078 864 mag-istratus
2106 793 2401 853 senatum
2432 787 2657 854 ordine
2686 789 3051 857 consuleret
3064 792 3141 874 ¹),

639 914 803 981 quae
859 895 1096 979 singuli
1155 893 1236 961 (16
1293 915 1372 962 ea
1425 914 1496 961 re
1554 902 1905 962 censerent.
1994 894 2136 974 Qua
2192 897 2259 962 in
2304 900 2428 976 re2)
2471 898 2824 982 principem
2872 908 3143 968 senatus

637 1008 910 1091 primum
928 1053 946 1088 ‚
1011 1005 1159 1071 dein
1216 1004 1616 1086 consulares,
1679 1004 1829 1072 dein
1883 1006 2265 1089 praetorios,
2333 1007 2483 1072 dein
2546 1007 2910 1090 aedificies,
2978 1009 3138 1078 dein

639 1117 1038 1197 tribunicios,
1097 1115 1247 1182 dein
1305 1115 1728 1198 quaestorios,
1793 1115 2052 1198 deniqui
2108 1116 2394 1184 adlectos
2438 1125 2551 1183 aut
2589 1118 2788 1185 verbo
2832 1139 3143 1189 assensos

637 1247 782 1296 6666
824 1226 1184 1294 sententiae
1225 1225 1418 1292 alicui
1459 1231 1574 1292 aut
1614 1224 1888 1309 pedibus
1930 1226 1999 1290 in
2042 1226 2425 1292 sententiam
2470 1228 2751 1310 aliquam
2780 1231 3141 1316 transiisse,

637 1340 706 1404 in
761 1339 1126 1404 universum
1183 1337 1347 1402 inter
1390 1355 1616 1403 omnes
1657 1342 1925 1402 constat.
2010 1336 2357 1402 Senatores
2401 1356 2553 1403 vero
2599 1338 2682 1404 de
2724 1339 2955 1422 legatis
2998 1362 3143 1408 sae-

636 1449 899 1533 pissime
954 1448 1276 1513 orationes
1330 1447 1557 1530 longas
1612 1446 1679 1511 in
1738 1445 1915 1513 curia
1968 1446 2272 1514 habuisse
2328 1447 2515 1526 [inter
2560 1468 2723 1532 quas
2766 1451 3141 1520 notissimae

637 1566 786 1626 sunt
815 1557 1010 1643 Appii
1042 1555 1296 1622 Claudii
1325 1555 1513 1623 Caeci
1560 1556 1640 1622 de
1683 1576 1845 1641 pace
1888 1576 2029 1622 cum
2061 1556 2303 1641 Pyrrho
2348 1557 2647 1624 facienda
2690 1562 2772 1636 (ν.
2804 1561 3139 1628 Teuffelii:

639 1669 872 1734 Gesch.
920 1667 981 1733 d.
1027 1672 1182 1732 rom.
1227 1667 1378 1731 Litt.
1426 1669 1506 1732 80
1563 1666 1715 1732 adn.
1764 1669 1827 1742 2)
1886 1674 1949 1734 et
2004 1667 2089 1732 M.
2146 1667 2354 1733 Porcii
2411 1665 2670 1734 Catonis
2726 1668 2809 1734 de
2866 1671 3141 1740 Rhodiis

638 1777 834 1864 (Gell.
861 1777 969 1854 VI,
1003 1781 1061 1842 3.
1092 1781 1168 1841 12
1199 1775 1324 1860 sq.)
1367 1775 1670 1856 habitae]‚
1718 1777 1948 1858 quibus
1992 1778 2257 1842 multum
2301 1777 2607 1861 temporis
2638 1788 3134 1862 consumeretur,

638 1888 790 1954 inde
833 1869 1125 1970 apparet,
1153 1885 1342 1970 ‘quod
1387 1885 1467 1952 (16
1510 1906 1671 1971 pace
1714 1906 1855 1952 cum
1901 1888 2145 1953 Aetolis
2190 1887 2665 1953 reconcilianda
2711 1889 2954 1972 aliquot
2998 1891 3136 1956 dies

636 1999 706 2064 in
750 2003 978 2064 senatu
1019 2004 1230 2062 actum
1275 2003 1375 2063 est
1414 1995 1580 2080 (Liv.
1613 1996 1949 2078 XXXVII,
1987 1995 2070 2079 1).
2131 1995 2288 2062 Cum
2320 2016 2472 2063 vero
2518 2017 2738 2064 omnes
2781 2002 3138 2066 sententiae

635 2108 959 2192 perrogati
1024 2113 1268 2186 essent,
1334 2108 1775 2190 magistratum
1842 2126 1953 2174 eas
2024 2108 2473 2190 pronuntiasse
2544 2115 2609 2174 et
2681 2107 3139 2176 discessionem

637 2217 867 2285 fecisse
930 2223 1182 2284 constat
1196 2219 1258 2295 ¹).
1367 2217 1496 2284 Sed
1562 2217 1797 2284 factum
1864 2226 1962 2284 est
2018 2237 2531 2299 nonnumquam,
2600 2224 2671 2283 ut
2722 2219 3139 2302 magistratus

639 2328 924 2412 qualibet
965 2347 1194 2393 caussa
1250 2327 1562 2393 adductus
1615 2347 1748 2393 non
1806 2347 2025 2393 omnes
2082 2328 2435 2393 sententias
2491 2329 2962 2412 pronuntiaret,
3019 2330 3141 2396 sed

637 2459 831 2504 unam
880 2437 1195 2504 omitteret
1209 2437 1287 2521 ³);
1331 2437 1422 2502 ita
1453 2457 1594 2503 cum
1627 2437 1709 2504 de
1739 2437 2013 2505 Achaeis
2055 2438 2329 2520 captivis
2369 2438 2565 2522 legati
2597 2439 2837 2504 Achaei
2867 2440 3137 2505 Romam

637 2569 698 2614 a.
733 2550 1002 2625 599s155
1046 2548 1356 2628 venirent,
1391 2548 1467 2612 A.
1499 2548 1861 2614 Postumius
1903 2552 2176 2630 praetor,
2224 2546 2396 2631 quod
2441 2568 2571 2612 non
2616 2567 2837 2613 omnes
2882 2557 3137 2616 senten-

637 2659 762 2725 tias
806 2660 1272 2742 pronuntiavit,
1318 2658 1684 2741 impedivit,
1733 2658 2066 2741 quominus
2111 2664 2371 2723 senatus
2416 2658 2705 2741 captivos
2748 2660 2817 2724 in
2860 2660 3135 2744 patriam

639 2767 1037 2835 reducendos
1096 2788 1236 2835 esse
1291 2773 1579 2833 censeret
1622 2769 1783 2846 (Pol.
1828 2768 2156 2850 XXXIII,
2210 2773 2288 2845 1).
2334 2804 2417 2813 —-
2463 2766 2706 2846 Quibus
2749 2788 2901 2835 vero
2944 2771 3137 2837 rebus

640 2877 824 2944 factis
855 2878 1051 2960 legati
1095 2898 1136 2943 a
1172 2877 1546 2961 magistratu
1577 2878 1740 2953 (Liv.
1771 2878 2111 2962 XXXVII,
2146 2882 2250 2955 52)
2278 2878 2347 2942 in
2378 2878 2615 2944 curiam
2645 2878 3132 2946 reducebantur.

1075 3135 1134 3195 4.
1201 3130 1549 3198 Senatus
1593 3132 2049 3197 consultum
2094 3132 2401 3215 legatis
2446 3131 2701 3198 datur.

810 3283 1070 3367 Legatis
1115 3284 1183 3347 in
1227 3284 1464 3349 curiam
1507 3284 1787 3350 reductis
1830 3284 2270 3368 magistratus,
2329 3285 2437 3366 qui
2480 3290 2772 3363 senatum
2816 3289 3131 3368 coegerat,

641 3414 721 3461 ea
763 3414 928 3476 quae
973 3393 1225 3459 senatui
1280 3394 1658 3475 placuerant
1702 3400 1811 3459 aut
1852 3394 2004 3459 viva
2047 3414 2204 3461 voce
2248 3414 2571 3478 exponere
2612 3401 2726 3460 aut
2770 3394 2852 3460 (16
2896 3395 3133 3476 scripto

639 3504 801 3583 (Liv.
831 3503 1112 3584 XXXII,
1149 3504 1208 3579 8)
1250 3502 1519 3570 recitare
1561 3505 1785 3587 potuit.
1860 3503 2017 3568 Cum
2062 3511 2274 3570 autem
2319 3510 2613 3571 accurate
2655 3504 2957 3571 traditum
3002 3524 3131 3569 non

640 3614 742 3695 sit,
790 3613 1018 3696 quibus
1063 3614 1500 3680 occasionibus
1545 3613 1713 3680 datis
1756 3613 1919 3679 illud
1962 3613 2097 3680 fieri
2142 3616 2407 3696 soleret,
2454 3615 2685 3697 quibus
2728 3616 2880 3696 hoc,
2926 3614 3130 3699 primo

639 3724 861 3789 obtutu
926 3743 1045 3789 nos
1109 3721 1394 3789 iudicare
1456 3723 1619 3789 nihil
1681 3724 1860 3789 aliud
1927 3743 2292 3807 possumus,
2364 3723 2490 3789 nisi
2554 3724 2903 3791 verisimile
2969 3743 3128 3805 esse,

640 3835 1080 3917 magistratum
1147 3833 1370 3900 brevia
1433 3841 1497 3899 et
1551 3834 1890 3901 sollemnia
1944 3854 2255 3920 responsa
2311 3832 2571 3900 dantem
2626 3840 2696 3899 ut
2760 3834 2991 3917 legatis
3049 3832 3129 3897 de

782 4107 828 4168 1)
863 4100 988 4157 Non
1013 4100 1082 4157 ad
1106 4117 1208 4157 nos
1229 4102 1496 4171 pertinere
1521 4100 1748 4166 videtur,
1772 4115 1955 4156 omnes
1979 4101 2239 4157 formulas
2268 4102 2532 4171 colligere,
2562 4102 2757 4171 quibus
2782 4100 3131 4169 magistratus

639 4200 696 4251 et
741 4199 1016 4251 senatores
1065 4195 1122 4248 in
1174 4193 1510 4250 consulendo
1553 4195 1848 4249 utebantur
1901 4198 1968 4261 (v.
2012 4195 2279 4251 Brissonii
2328 4195 2395 4251 de
2438 4196 2650 4251 formul.
2698 4195 2780 4259 II,
2831 4210 2877 4248 6.
2912 4199 2977 4249 45
3016 4210 3131 4263 sqq.

638 4290 855 4360 Paulyi:
910 4288 1164 4343 Realenc.
1201 4287 1307 4355 VI,
1364 4294 1409 4357 1,
1458 4291 1587 4342 1008
1622 4304 1705 4357 sq.
1783 4286 2120 4343 Hoffmanni:
2174 4288 2271 4344 der
2325 4295 2457 4343 rom.
2512 4289 2705 4356 Senat‚
2758 4287 2934 4341 Berol.
2980 4291 3129 4341 1847.

640 4382 861 4451 Langii:
898 4381 964 4435 R.
983 4382 1050 4437 A.
1072 4381 1168 4449 11²,
1205 4384 1237 4449 ξ
1261 4385 1396 4447 114).
1535 4383 1586 4445 2)
1622 4381 1779 4435 Ηι1116
1807 4380 2049 4436 ordinem
2085 4397 2193 4437 non
2231 4397 2440 4451 semper
2474 4385 2586 4437 tam
2613 4386 2758 4437 certe
2778 4379 3135 4436 constitutum

639 4474 834 4541 fuisse,
881 4474 976 4531 sed
1018 4488 1420 4543 nonnumquam
1465 4474 1725 4529 nonnulla
1767 4488 1886 4529 esse
1930 4478 2160 4537 mutata,
2186 4490 2299 4529 non
2343 4475 2527 4531 nescio
2576 4480 2641 4543 (v.
2678 4475 2733 4529 11.
2772 4489 2813 4527 s.
2852 4476 2987 4540 cc.);
3036 4472 3137 4529 sed

636 4574 818 4623 tamen
851 4567 957 4625 hac
992 4566 1280 4622 occasione
1314 4567 1442 4622 data
1477 4567 1624 4631 satis,
1645 4582 1765 4623 esse
1800 4566 2010 4623 videtur
2042 4568 2413 4623 tantummodo
2449 4567 2711 4637 attingere
2744 4566 2843 4624 has
2879 4580 2985 4620 res.

648 4665 699 4728 3)
735 4661 886 4716 Caes.
922 4660 974 4715 b.
1013 4676 1057 4714 c.
1097 4659 1139 4723 I,
1175 4662 1224 4711 2.
1278 4657 1386 4713 Cic.
1423 4659 1560 4714 Phil.
1598 4659 1742 4723 XIV,
1780 4667 1827 4714 7.
1867 4665 1915 4715 8.
1970 4660 2105 4714 Plin.
2137 4676 2218 4729 ep.
2254 4660 2347 4726 IV,
2384 4666 2431 4715 9.
