3400 5300
1631 301 2055 362 ...56-

595 469 884 538 nondum
928 470 1142 554 fuisse,
1186 468 1302 536 sed
1343 466 1500 534 inde
1537 487 1582 532 a
1626 466 1800 533 bello
1831 485 1973 532 cum
2002 465 2248 550 Pyrrho
2276 471 2457 550 gesto
2489 485 2631 533 esse
2660 467 3100 549 constitutum,

595 581 950 650 verisimile
989 587 1086 646 est
1099 582 1158 657 ¹).
2908 649 2911 652 ,

771 691 840 758 Si
882 709 1034 756 vero
1076 709 1207 755 non
1253 692 1603 768 constaret,
1660 692 1872 751 utrum
1913 685 2111 768 legati
2152 683 2575 754 advenientes
2616 686 2836 753 hostes
2880 694 3101 754 essent

597 799 930 868 iudicandi
971 818 1206 882 necne,
1252 799 1579 865 consulem
1621 803 1914 862 senatum
1955 796 2379 878 interrogare,
2434 798 2803 880 placeretne
2845 798 3101 882 legatos

593 911 798 994 recipi
840 909 1173 976 moenibus
1188 957 1206 992 ‚
1265 909 1422 976 Sall.
1469 908 1607 990 Iug.
1653 905 1951 972 XXVIII
2007 905 2319 990 exposuit.
2364 941 2450 952 -
2492 907 2661 973 Pace
2714 926 2867 973 vero
2923 907 3099 974 facta

597 1021 848 1104 legatos
890 1019 1111 1084 urbem
1153 1019 1390 1086 intrare
1433 1038 1642 1103 posse,
1690 1036 1727 1083 e
1756 1016 1924 1082 Livii
1967 1015 2327 1083 testimonio
2377 1016 2617 1099 (XXX,
2648 1020 2755 1095 43)
2801 1024 3094 1101 apparet.

770 1128 1064 1196 Hostium
1107 1129 1336 1214 legatis
1379 1149 1596 1192 munus
1638 1146 1966 1210 nunquam
1997 1125 2155 1208 dari,
2200 1145 2316 1209 per
2360 1144 2432 1192 se
2474 1126 2867 1210 intellegitur
2909 1134 2997 1203 (v.
3025 1150 3097 1212 p.

603 1243 684 1306 12
705 1246 861 1324 sq.);
892 1238 1008 1306 sed
1032 1240 1228 1304 lautia
1247 1246 1466 1306 tamen
1488 1236 1863 1323 praebenda
1884 1237 1962 1303 iis
1986 1254 2148 1318 esse,
2179 1242 2394 1318 patres
2416 1256 2546 1301 non
2575 1257 2718 1303 raro
2747 1238 3099 1304 censebant

602 1350 768 1430 (Liv.
798 1349 1017 1432 XXX,
1049 1353 1150 1415 21.
1195 1349 1506 1431 XXXIII,
1539 1351 1666 1430 24),
1713 1344 1803 1434 μὴ
1850 1343 2289 1431 βουληθέντες
2318 1369 2430 1410 πω
2460 1342 2574 1432 τήν
2606 1345 2850 1412 ἐλπίδα
2878 1340 3097 1412 αὐτῶν

602 1455 693 1538 ὥς
735 1457 846 1526 καὶ
890 1458 1556 1545 συκαλλαγησομένων
1603 1450 1983 1542 ἀφελέσθαι
2026 1456 2241 1535 (Dion.
2289 1454 2469 1522 Cass.
2514 1456 2588 1521 fr.
2636 1459 2717 1521 79
2762 1456 2932 1535 Dd.).

700 1697 781 1762 D.
847 1696 1337 1779 Populorum
1393 1695 1526 1777 qui
1582 1695 2068 1761 societatem
2126 1712 2291 1759 cum
2350 1692 2732 1759 Romanis
2786 1693 2996 1760 inire

1486 1811 1887 1878 volebant
1941 1811 2219 1894 legati.

770 1947 1031 2031 Legatis
1103 1945 1450 2013 amicitiam
1521 1945 1902 2013 facientibus
1976 1946 2181 2011 locum
2253 1945 2457 2014 lautia
2530 1945 2666 2013 dari
2738 1966 3098 2030 munusque

597 2058 895 2142 praeberi
939 2057 1222 2123 amicitia
1263 2055 1636 2142 impetrata,
1681 2076 1823 2122 cum
1868 2076 1907 2123 e
1948 2055 2083 2124 scto
2128 2055 2210 2121 de
2253 2056 2642 2140 Asclepiade
2686 2057 2779 2132 (C.
2823 2057 2876 2123 I.
2923 2058 2995 2123 L.
3043 2057 3095 2138 I,

599 2189 664 2252 p.
716 2173 835 2234 110
899 2167 1014 2233 lin.
1072 2188 1165 2252 gr.
1224 2167 1472 2244 XXVI)
1529 2168 1886 2234 luculenter
1942 2172 2285 2264 appareat,
2345 2186 2893 2249 supervacaneum
2952 2187 3100 2234 esse

597 2277 885 2360 videtur,
939 2276 1069 2345 alia
1125 2276 1436 2344 eiusmodi
1493 2278 1793 2362 exempla
1847 2297 1885 2345 e
1938 2275 2349 2360 scriptoribus
2406 2276 2676 2342 collecta
2738 2277 3099 2343 accuratius

597 2407 899 2456 enarrare
909 2391 951 2450 ².

1576 2872 1916 2950 CAPUT
1974 2874 2111 2949 IX.

924 3058 1342 3141 QUOMODO
1399 3059 1772 3126 LEGATIS
1830 3059 2232 3127 SENATUS
2284 3059 2573 3127 DATUS
2635 3061 2792 3127 SIT.

1003 3245 1047 3299 Ι.
1090 3244 1192 3299 DE
1226 3244 1465 3301 REBUS
1498 3242 1729 3299 ANTE
1774 3242 2127 3298 SENATUM
2160 3243 2425 3299 DATUM
2456 3243 2688 3299 ACTIS.

599 3398 679 3465 A.
723 3400 1016 3483 Legati
1059 3399 1460 3466 sociorum
1502 3399 2125 3482 populorumque
2168 3398 2586 3464 amicitiam
2631 3398 3099 3465 facientium.

770 3548 956 3629 Quod
999 3552 1215 3634 legati,
1260 3570 1401 3617 cum
1429 3552 1699 3617 Romam
1728 3548 2076 3633 venissent,
2120 3549 2297 3635 apud.
2339 3555 2739 3632 quaestorem
2783 3552 3098 3618 urbanum

600 3660 866 3726 nomina
893 3680 1012 3727 sua
1041 3660 1417 3728 deferebant
1445 3696 1528 3707 —
1556 3659 1730 3743 quod
1758 3660 1885 3725 iam
1914 3680 2109 3743 supra
2139 3659 2602 3744 explicavimus
2632 3665 2716 3744 (p.
2752 3665 2834 3727 36
2860 3668 2979 3745 sq.)
3011 3698 3098 3709 —

601 3772 685 3838 ab
745 3769 975 3837 eodem
1029 3768 1405 3853 magistratu
1462 3789 1572 3836 eos
1627 3770 1930 3836 certiores
1972 3769 2141 3852 fieri,
2204 3788 2390 3852 quem
2436 3769 2882 3851 magistratum
2897 3820 2913 3853 ,
2971 3792 3097 3855 quo

601 3880 729 3965 die,
775 3899 898 3964 quo
941 3882 1082 3946 loco
1111 3879 1385 3962 adirent,
1430 3880 1776 3946 verisimile
1817 3899 1961 3947 esse
1989 3880 2263 3945 videtur.
2331 3877 2578 3958 Quibus
2604 3880 2797 3946 rebus
2828 3881 3100 3964 cognitis

597 3992 668 4058 in
713 3990 1034 4079 comitium
1091 3991 1185 4057 ire
1225 3990 1793 4075 magistratumque
1834 3990 1900 4056 in
1944 3989 2248 4055 tribunali
2291 3987 2622 4055 sedentem
2672 3988 2854 4056 adire
2912 3991 3102 4074 eique

747 4204 790 4266 1)
832 4216 881 4253 v.
917 4198 1262 4254 Mommseni:
1310 4197 1464 4253 Rom.
1502 4196 1698 4252 Gesch.
1733 4196 1779 4263 Ι,
1818 4203 1863 4263 1,
1900 4200 1997 4251 403
2053 4196 2216 4261 „Man
2260 4200 2577 4253 antwortete
2627 4197 2748 4253 dem
2782 4198 2962 4267 Konig
2997 4198 3098 4254 das

602 4294 773 4350 stolze
788 4293 967 4358 Wort‚
1002 4292 1101 4347 das
1134 4291 1251 4347 hier
1285 4295 1472 4345 zuerst
1501 4304 1846 4346 vernommen
1878 4290 1989 4345 und
2014 4289 2238 4345 seitdem
2262 4289 2742 4360 Staatsgrundsatz
2766 4291 2933 4358 ward,
2966 4290 3095 4346 dass

600 4387 742 4442 Rom
787 4385 942 4441 nicht
989 4383 1368 4448 unterhandle,
1421 4398 1483 4439 so
1527 4384 1685 4451 lange
1732 4384 2051 4453 auswiirtige
2096 4383 2355 4454 Truppen
2400 4386 2500 4438 auf
2544 4385 2850 4440 italischem
2899 4384 3095 4440 Gebiet

602 4480 854 4545 standen,
904 4476 1015 4532 und
1050 4477 1146 4532 das
1181 4477 1343 4536 Wort
1376 4474 1526 4532 wahr
1557 4492 1628 4529 zu
1661 4476 1914 4545 macheu,
1948 4476 2074 4533 wies
2116 4491 2241 4531 man
2288 4476 2391 4531 den
2429 4476 2741 4534 Gesandten
2776 4476 2953 4533 sofort
2988 4492 3093 4532 aus

602 4572 698 4627 der
733 4570 936 4626 Stadt“.
1111 4574 1162 4635 2)
1210 4587 1256 4625 v.
1291 4569 1407 4624 Liv.
1443 4584 1528 4639 ep.
1563 4568 1713 4635 XIV,
1748 4585 1827 4638 sq.
1882 4572 1949 4637 (v.
1987 4586 2041 4640 p.
2080 4573 2144 4625 39
2181 4568 2303 4623 adn.
2346 4573 2409 4637 1).
2462 4570 2578 4627 Liv.
2614 4570 2811 4635 XLIII,
2852 4576 2899 4625 6.
2972 4570 3096 4626 Pol.

601 4663 778 4731 XXX,
814 4669 862 4718 5.
930 4664 1036 4718 Ios.
1072 4665 1136 4716 A.
1173 4663 1215 4717 1.
1252 4661 1398 4731 XIV,
1435 4666 1484 4730 8,
1520 4668 1568 4717 5.
