3400 5300
463 1667 667 1734 Natus
711 1687 850 1734 sum
890 1668 1170 1734 Ioannes
1212 1663 1524 1731 Rudolfus
1565 1663 1945 1732 Theodorus
1966 1642 1968 1644 ,
1991 1663 2560 1730 Buettner-Wobst
2614 1683 2675 1728 a.
2722 1661 2783 1728 d.

295 1787 413 1852 IX.
446 1785 580 1852 Gal.
613 1786 799 1854 Febr.
843 1785 1001 1852 anni
1041 1784 1106 1850 h.
1127 1774 1202 1851 s.
1246 1785 1394 1850 LIV
1421 1789 1616 1868 patre
1654 1783 1904 1868 carole,
1950 1804 2139 1868 quem
2182 1786 2333 1851 ante
2378 1782 2539 1850 duos
2582 1801 2787 1849 annos

295 1912 608 1970 mortuum
652 1924 792 1972 esse
834 1904 1028 1971 valde
1073 1902 1281 1985 doleo,
1324 1909 1529 1970 matre
1557 1903 1796 1970 Albina
1838 1923 1876 1969 e
1918 1910 2114 1987 gente
2134 1903 2531 1970 Webstiana.
2603 1901 2787 1968 Fidei

295 2043 436 2090 sum
478 2023 772 2090 addictus
815 2023 1248 2107 evangelicae.
1314 2023 1502 2087 Anno
1546 2021 1608 2088 h.
1653 2042 1705 2088 s.
1750 2022 1997 2088 LXVII
2038 2022 2107 2089 in
2149 2023 2555 2108 gymnasium
2598 2022 2791 2087 Dres-

227 2177 232 2182 ·
297 2143 502 2210 dense
531 2142 701 2226 quod
731 2147 829 2208 est
856 2141 943 2207 ad
973 2140 1203 2208 aedem
1233 2139 1511 2206 Sanctae
1542 2139 1760 2207 Crucis
1790 2147 2088 2225 receptus
2124 2161 2285 2223 sum,
2329 2141 2505 2229 euius
2534 2140 2791 2207 seholas

294 2280 414 2346 per
455 2262 513 2327 V
555 2279 764 2329 annos
807 2260 1203 2344 frequentavi
1243 2259 1470 2326 Kleeio
1515 2265 1581 2326 et
1623 2258 1860 2327 deinde
1889 2259 2221 2327 Hultsehio
2264 2267 2527 2328 rectore.
2600 2260 2789 2326 Anno

293 2380 550 2446 LXXII
614 2379 995 2446 maturitatis
1059 2379 1422 2446 testimonio
1495 2385 1760 2462 accepto
1826 2379 2111 2464 Lipsiam
2175 2399 2281 2446 me
2344 2379 2581 2445 contuli
2596 2428 2613 2461 ‚
2678 2379 2791 2444 ubi

295 2499 537 2564 scholis
590 2495 845 2564 interfui
887 2497 1184 2565 Ahrensii
1197 2546 1215 2581 ,
1277 2495 1699 2564 Broekhausii
1719 2547 1735 2580 ‚
1797 2497 2033 2580 Curtii,
2091 2497 2447 2564 Eeksteinii
2462 2546 2479 2579 ‚
2539 2497 2789 2581 Langii,

297 2615 702 2698 Overbeekii,
734 2617 1083 2700 Ritsehelii,
1115 2617 1570 2703 Strnempellii,
1597 2617 1853 2702 Voigtii,
1886 2617 2207 2685 Zamekii.
2270 2617 2394 2685 Per
2422 2617 2549 2683 duo
2580 2617 2790 2703 spatia

299 2735 629 2802 semestria
684 2753 844 2802 sem.
889 2736 1111 2819 philol.
1155 2755 1288 2820 reg.
1333 2736 1575 2803 sodalis
1630 2736 2020 2820 ordinarius,
2078 2758 2195 2823 per
2247 2757 2442 2802 unum
2486 2744 2792 2804 semestre

301 2853 513 2921 senior
539 2854 650 2919 fui.
709 2855 1219 2921 Exercitationes
1247 2874 1400 2922 vero
1430 2856 1754 2924 societatis
1782 2856 2160 2941 Langianae
2201 2854 2413 2923 adhue
2441 2856 2790 2940 frequente.

301 2971 544 3051 Quibus
586 2974 879 3040 omnibus
921 2974 1076 3039 viris
1117 2972 1430 3057 imprimis
1472 2975 1755 3059 Langio,
1802 2994 1986 3058 quem
2036 2965 2117 3041 de
2159 2994 2263 3062 me
2305 2995 2550 3042 summo
2596 2995 2792 3061 opere

299 3091 592 3158 meritum
621 3111 763 3159 esse
791 3110 1045 3177 semper
1073 3112 1182 3159 ero
1211 3112 1471 3178 memor,
1514 3094 1757 3178 gratias
1798 3114 1921 3178 ago
1966 3113 2156 3177 quam
2198 3093 2513 3168 maximas
2552 3114 2789 3178 eosque

299 3209 516 3276 animo
559 3211 666 3294 pie
709 3230 963 3295 semper
1003 3213 1230 3278 eolam.
1279 3269 1301 3278 -
