<?xml version="1.0" encoding="UTF-8"?>
<!DOCTYPE html PUBLIC "-//W3C//DTD XHTML 1.0 Transitional//EN"
    "http://www.w3.org/TR/xhtml1/DTD/xhtml1-transitional.dtd">
<html xmlns="http://www.w3.org/1999/xhtml" xml:lang="en" lang="en">
 <head>
  <title>
</title>
<meta http-equiv="Content-Type" content="text/html;charset=utf-8" />
  <meta name='ocr-system' content='tesseract 3.04.00' />
  <meta name='ocr-capabilities' content='ocr_page ocr_carea ocr_par ocr_line ocrx_word'/>
</head>
<body>
  <div class='ocr_page' id='page_1' title='image "./delegationibusr00btgoog_0052.png"; bbox 0 0 3400 5300; ppageno 0'>
   <div class='ocr_carea' id='block_1_1' title="bbox 1664 277 2087 336">
    <p class='ocr_par' dir='ltr' id='par_1_1' title="bbox 1664 277 2087 336">
     <span class='ocr_line' id='line_1_1' title="bbox 1664 277 2087 336; baseline 0 -18"><span class='ocrx_word' id='word_1_1' title='bbox 1664 277 2087 336; x_wconf 74' lang='lat'>—50-</span> 
     </span>
    </p>
   </div>
   <div class='ocr_carea' id='block_1_2' title="bbox 629 436 3135 1439">
    <p class='ocr_par' dir='ltr' id='par_1_2' title="bbox 629 436 3135 788">
     <span class='ocr_line' id='line_1_2' title="bbox 631 436 3135 508; baseline -0.002 -12"><span class='ocrx_word' id='word_1_2' title='bbox 631 441 698 496; x_wconf 88' lang='lat' dir='ltr'><strong>de</strong></span> <span class='ocrx_word' id='word_1_3' title='bbox 743 455 966 496; x_wconf 85' lang='lat' dir='ltr'><strong>munere</strong></span> <span class='ocrx_word' id='word_1_4' title='bbox 1009 440 1200 508; x_wconf 83' lang='lat' dir='ltr'><strong>legatis</strong></span> <span class='ocrx_word' id='word_1_5' title='bbox 1248 438 1368 493; x_wconf 81' lang='lat' dir='ltr'><strong>dari</strong></span> <span class='ocrx_word' id='word_1_6' title='bbox 1410 437 1568 496; x_wconf 87' lang='lat' dir='ltr'><strong>solito</strong></span> <span class='ocrx_word' id='word_1_7' title='bbox 1615 443 1715 494; x_wconf 70' lang='lat' dir='ltr'><strong>aut</strong></span> <span class='ocrx_word' id='word_1_8' title='bbox 1759 437 1825 492; x_wconf 88' lang='lat' dir='ltr'><strong>de</strong></span> <span class='ocrx_word' id='word_1_9' title='bbox 1859 437 2054 494; x_wconf 79' lang='lat' dir='ltr'><strong>viatico</strong></span> <span class='ocrx_word' id='word_1_10' title='bbox 2091 437 2315 504; x_wconf 80' lang='lat' dir='ltr'><strong>cogitari</strong></span> <span class='ocrx_word' id='word_1_11' title='bbox 2357 451 2519 506; x_wconf 87' lang='lat' dir='ltr'><strong>posse</strong></span> <span class='ocrx_word' id='word_1_12' title='bbox 2576 436 2962 506; x_wconf 82' lang='lat' dir='ltr'><strong>significasset,</strong></span> <span class='ocrx_word' id='word_1_13' title='bbox 3016 455 3135 494; x_wconf 92' lang='lat' dir='ltr'><strong>non</strong></span> 
     </span>
     <span class='ocr_line' id='line_1_3' title="bbox 629 529 3129 602; baseline -0.001 -13"><span class='ocrx_word' id='word_1_14' title='bbox 629 533 911 600; x_wconf 85' lang='lat' dir='ltr'><strong>dubitavit,</strong></span> <span class='ocrx_word' id='word_1_15' title='bbox 949 533 1077 602; x_wconf 90' lang='lat' dir='ltr'><strong>quin</strong></span> <span class='ocrx_word' id='word_1_16' title='bbox 1111 533 1252 587; x_wconf 83' lang='lat' dir='ltr'><strong>hanc</strong></span> <span class='ocrx_word' id='word_1_17' title='bbox 1285 532 1549 587; x_wconf 85' lang='lat' dir='ltr'><strong>rationem</strong></span> <span class='ocrx_word' id='word_1_18' title='bbox 1580 529 1993 602; x_wconf 80' lang='lat' dir='ltr'><strong>praeferendam</strong></span> <span class='ocrx_word' id='word_1_19' title='bbox 2028 544 2151 586; x_wconf 86' lang='lat' dir='ltr'><strong>esse</strong></span> <span class='ocrx_word' id='word_1_20' title='bbox 2186 534 2445 586; x_wconf 79' lang='lat' dir='ltr'><strong>censeret.</strong></span> <span class='ocrx_word' id='word_1_21' title='bbox 2516 529 2625 588; x_wconf 85' lang='lat' dir='ltr'><strong>Sed</strong></span> <span class='ocrx_word' id='word_1_22' title='bbox 2656 545 2780 584; x_wconf 91' lang='lat' dir='ltr'><strong>cum</strong></span> <span class='ocrx_word' id='word_1_23' title='bbox 2812 531 2962 586; x_wconf 90' lang='lat' dir='ltr'><strong>nullo</strong></span> <span class='ocrx_word' id='word_1_24' title='bbox 2998 533 3129 588; x_wconf 91' lang='lat' dir='ltr'><strong>loco</strong></span> 
     </span>
     <span class='ocr_line' id='line_1_4' title="bbox 631 623 3134 694; baseline -0.002 -12"><span class='ocrx_word' id='word_1_25' title='bbox 631 627 700 682; x_wconf 85' lang='lat' dir='ltr'><strong>de</strong></span> <span class='ocrx_word' id='word_1_26' title='bbox 745 641 953 681; x_wconf 83' lang='lat' dir='ltr'><strong>summa</strong></span> <span class='ocrx_word' id='word_1_27' title='bbox 986 625 1250 694; x_wconf 84' lang='lat' dir='ltr'><strong>pecuniae</strong></span> <span class='ocrx_word' id='word_1_28' title='bbox 1282 624 1474 693; x_wconf 82' lang='lat' dir='ltr'><strong>legatis</strong></span> <span class='ocrx_word' id='word_1_29' title='bbox 1509 640 1608 694; x_wconf 90' lang='lat' dir='ltr'><strong>pro</strong></span> <span class='ocrx_word' id='word_1_30' title='bbox 1641 623 1839 680; x_wconf 75' lang='lat' dir='ltr'><strong>viatico</strong></span> <span class='ocrx_word' id='word_1_31' title='bbox 1875 623 2003 678; x_wconf 77' lang='lat' dir='ltr'><strong>data</strong></span> <span class='ocrx_word' id='word_1_32' title='bbox 2037 639 2214 680; x_wconf 88' lang='lat' dir='ltr'><strong>sermo</strong></span> <span class='ocrx_word' id='word_1_33' title='bbox 2252 624 2347 690; x_wconf 89' lang='lat' dir='ltr'><strong>sit,</strong></span> <span class='ocrx_word' id='word_1_34' title='bbox 2394 638 2493 679; x_wconf 89' lang='lat' dir='ltr'><strong>nos</strong></span> <span class='ocrx_word' id='word_1_35' title='bbox 2530 638 2653 678; x_wconf 90' lang='lat' dir='ltr'><strong>cum</strong></span> <span class='ocrx_word' id='word_1_36' title='bbox 2687 624 3134 684; x_wconf 88' lang='lat' dir='ltr'><strong>Mendelssohnio</strong></span> 
     </span>
     <span class='ocr_line' id='line_1_5' title="bbox 631 716 1823 788; baseline -0.003 -14"><span class='ocrx_word' id='word_1_37' title='bbox 631 735 742 774; x_wconf 93' lang='lat' dir='ltr'><strong>non</strong></span> <span class='ocrx_word' id='word_1_38' title='bbox 775 718 1038 774; x_wconf 73' lang='lat' dir='ltr'><strong>facientes</strong></span> <span class='ocrx_word' id='word_1_39' title='bbox 1077 718 1236 774; x_wconf 80' lang='lat' dir='ltr'><strong>alteri</strong></span> <span class='ocrx_word' id='word_1_40' title='bbox 1269 717 1467 774; x_wconf 83' lang='lat' dir='ltr'><strong>rationi</strong></span> <span class='ocrx_word' id='word_1_41' title='bbox 1500 716 1823 788; x_wconf 79' lang='lat' dir='ltr'><strong>plaudimus,</strong></span> 
     </span>
    </p>

    <p class='ocr_par' dir='ltr' id='par_1_3' title="bbox 629 808 3134 1439">
     <span class='ocr_line' id='line_1_6' title="bbox 803 808 3134 880; baseline 0 -14"><span class='ocrx_word' id='word_1_42' title='bbox 803 811 908 866; x_wconf 86' lang='lat' dir='ltr'><strong>Sed</strong></span> <span class='ocrx_word' id='word_1_43' title='bbox 947 812 1120 880; x_wconf 84' lang='lat' dir='ltr'><strong>ipsam</strong></span> <span class='ocrx_word' id='word_1_44' title='bbox 1165 825 1427 866; x_wconf 85' lang='lat' dir='ltr'><strong>summam</strong></span> <span class='ocrx_word' id='word_1_45' title='bbox 1475 827 1584 866; x_wconf 91' lang='lat' dir='ltr'><strong>non</strong></span> <span class='ocrx_word' id='word_1_46' title='bbox 1619 825 1741 866; x_wconf 88' lang='lat' dir='ltr'><strong>esse</strong></span> <span class='ocrx_word' id='word_1_47' title='bbox 1773 808 2131 866; x_wconf 74' lang='lat' dir='ltr'><strong>revocandam</strong></span> <span class='ocrx_word' id='word_1_48' title='bbox 2164 809 2356 876; x_wconf 75' lang='lat' dir='ltr'><strong>talem,</strong></span> <span class='ocrx_word' id='word_1_49' title='bbox 2404 809 2618 877; x_wconf 73' lang='lat' dir='ltr'><strong>qualem</strong></span> <span class='ocrx_word' id='word_1_50' title='bbox 2648 809 3134 866; x_wconf 86' lang='lat' dir='ltr'><strong>Mendelssohnius</strong></span> 
     </span>
     <span class='ocr_line' id='line_1_7' title="bbox 633 894 3133 972; baseline -0.002 -13"><span class='ocrx_word' id='word_1_51' title='bbox 633 903 914 959; x_wconf 74' lang='lat' dir='ltr'><strong>constituit</strong></span> <span class='ocrx_word' id='word_1_52' title='bbox 956 900 1104 962; x_wconf 77' lang='grc' dir='ltr'><strong>ὅπώς</strong></span> <span class='ocrx_word' id='word_1_53' title='bbox 1135 905 1300 962; x_wconf 79' lang='grc' dir='ltr'><em>Γάϊος</em></span> <span class='ocrx_word' id='word_1_54' title='bbox 1336 902 1538 960; x_wconf 78' lang='grc' dir='ltr'>Φάνιος</span> <span class='ocrx_word' id='word_1_55' title='bbox 1575 945 1588 958; x_wconf 95' lang='grc'><strong>.</strong></span> <span class='ocrx_word' id='word_1_56' title='bbox 1625 943 1638 956; x_wconf 91' lang='grc'><strong>.</strong></span> <span class='ocrx_word' id='word_1_57' title='bbox 1676 942 1690 956; x_wconf 90' lang='grc'><strong>.</strong></span> <span class='ocrx_word' id='word_1_58' title='bbox 1732 943 1745 956; x_wconf 93' lang='grc'><strong>.</strong></span> <span class='ocrx_word' id='word_1_59' title='bbox 1781 903 1929 962; x_wconf 72' lang='grc' dir='ltr'>ξένια</span> <span class='ocrx_word' id='word_1_60' title='bbox 1974 906 2088 959; x_wconf 80' lang='grc' dir='ltr'><strong><em>τοῖς</em></strong></span> <span class='ocrx_word' id='word_1_61' title='bbox 2120 906 2475 971; x_wconf 80' lang='grc' dir='ltr'><strong><em>πρεσβευταῖς</em></strong></span> <span class='ocrx_word' id='word_1_62' title='bbox 2510 901 2591 970; x_wconf 73' lang='grc' dir='ltr'><strong>δῷ</strong></span> <span class='ocrx_word' id='word_1_63' title='bbox 2626 903 2683 958; x_wconf 76' lang='grc' dir='ltr'><strong>ἐκ</strong></span> <span class='ocrx_word' id='word_1_64' title='bbox 2718 906 2817 955; x_wconf 85' lang='grc' dir='ltr'><strong>τοῦ</strong></span> <span class='ocrx_word' id='word_1_65' title='bbox 2856 894 3133 972; x_wconf 71' lang='grc' dir='ltr'><strong><em>δημόσιόυ</em></strong></span> 
     </span>
     <span class='ocr_line' id='line_1_8' title="bbox 633 994 3133 1066; baseline 0.001 -18"><span class='ocrx_word' id='word_1_66' title='bbox 633 995 730 1050; x_wconf 78' lang='grc' dir='ltr'><strong>δύο</strong></span> <span class='ocrx_word' id='word_1_67' title='bbox 775 998 920 1066; x_wconf 77' lang='grc' dir='ltr'><strong>μνᾶς</strong></span> <span class='ocrx_word' id='word_1_68' title='bbox 962 994 1096 1050; x_wconf 73' lang='grc' dir='ltr'><strong>καθ’</strong></span> <span class='ocrx_word' id='word_1_69' title='bbox 1145 995 1375 1052; x_wconf 77' lang='grc' dir='ltr'><em>ἕκαστον</em></span> <span class='ocrx_word' id='word_1_70' title='bbox 1419 996 1574 1052; x_wconf 84' lang='lat' dir='ltr'><strong>nobis</strong></span> <span class='ocrx_word' id='word_1_71' title='bbox 1607 1010 1930 1065; x_wconf 75' lang='lat' dir='ltr'><strong>persuasum</strong></span> <span class='ocrx_word' id='word_1_72' title='bbox 1966 1001 2073 1064; x_wconf 83' lang='lat' dir='ltr'><strong>est3</strong></span> <span class='ocrx_word' id='word_1_73' title='bbox 2120 1010 2248 1050; x_wconf 90' lang='lat' dir='ltr'><strong>nam</strong></span> <span class='ocrx_word' id='word_1_74' title='bbox 2282 998 2339 1050; x_wconf 88' lang='lat' dir='ltr'><strong>et</strong></span> <span class='ocrx_word' id='word_1_75' title='bbox 2370 995 2505 1051; x_wconf 88' lang='lat' dir='ltr'><strong>illud</strong></span> <span class='ocrx_word' id='word_1_76' title='bbox 2536 998 2707 1064; x_wconf 74' lang='grc' dir='ltr'>μνᾶς,</span> <span class='ocrx_word' id='word_1_77' title='bbox 2752 1011 2851 1065; x_wconf 87' lang='lat' dir='ltr'><strong>pro</strong></span> <span class='ocrx_word' id='word_1_78' title='bbox 2887 1012 2992 1065; x_wconf 90' lang='lat' dir='ltr'><strong>quo</strong></span> <span class='ocrx_word' id='word_1_79' title='bbox 3034 1011 3133 1050; x_wconf 83' lang='lat' dir='ltr'><strong>ex-</strong></span> 
     </span>
     <span class='ocr_line' id='line_1_9' title="bbox 632 1087 3130 1158; baseline 0 -15"><span class='ocrx_word' id='word_1_80' title='bbox 632 1090 955 1158; x_wconf 84' lang='lat' dir='ltr'><strong>spectaveris</strong></span> <span class='ocrx_word' id='word_1_81' title='bbox 990 1089 1358 1146; x_wconf 81' lang='lat' dir='ltr'><strong>Romanorum</strong></span> <span class='ocrx_word' id='word_1_82' title='bbox 1403 1089 1680 1145; x_wconf 85' lang='lat' dir='ltr'><strong>sestertios</strong></span> <span class='ocrx_word' id='word_1_83' title='bbox 1693 1129 1709 1154; x_wconf 93' lang='lat'><strong>,</strong></span> <span class='ocrx_word' id='word_1_84' title='bbox 1757 1087 1981 1144; x_wconf 81' lang='lat' dir='ltr'><strong>offendit</strong></span> <span class='ocrx_word' id='word_1_85' title='bbox 2022 1092 2077 1142; x_wconf 91' lang='lat' dir='ltr'><strong>et</strong></span> <span class='ocrx_word' id='word_1_86' title='bbox 2118 1087 2239 1158; x_wconf 85' lang='lat' dir='ltr'><strong>ipsa</strong></span> <span class='ocrx_word' id='word_1_87' title='bbox 2272 1103 2483 1143; x_wconf 80' lang='lat' dir='ltr'><strong>summa</strong></span> <span class='ocrx_word' id='word_1_88' title='bbox 2515 1105 2625 1145; x_wconf 92' lang='lat' dir='ltr'><strong>non</strong></span> <span class='ocrx_word' id='word_1_89' title='bbox 2658 1089 2949 1157; x_wconf 78' lang='lat' dir='ltr'><strong>respondet</strong></span> <span class='ocrx_word' id='word_1_90' title='bbox 2980 1089 3130 1144; x_wconf 89' lang='lat' dir='ltr'><strong>binis</strong></span> 
     </span>
     <span class='ocr_line' id='line_1_10' title="bbox 629 1179 3132 1254; baseline 0 -18"><span class='ocrx_word' id='word_1_91' title='bbox 629 1182 865 1238; x_wconf 90' lang='lat' dir='ltr'><strong>millibus</strong></span> <span class='ocrx_word' id='word_1_92' title='bbox 917 1184 1076 1240; x_wconf 83' lang='lat' dir='ltr'><strong>aeris.</strong></span> <span class='ocrx_word' id='word_1_93' title='bbox 1156 1185 1345 1254; x_wconf 82' lang='lat' dir='ltr'><strong>Itaque</strong></span> <span class='ocrx_word' id='word_1_94' title='bbox 1395 1199 1497 1239; x_wconf 89' lang='lat' dir='ltr'><strong>nos</strong></span> <span class='ocrx_word' id='word_1_95' title='bbox 1550 1197 1725 1252; x_wconf 88' lang='lat' dir='ltr'><strong>neque</strong></span> <span class='ocrx_word' id='word_1_96' title='bbox 1774 1183 1843 1238; x_wconf 90' lang='lat' dir='ltr'><strong>de</strong></span> <span class='ocrx_word' id='word_1_97' title='bbox 1892 1179 2049 1239; x_wconf 87' lang='lat' dir='ltr'><strong>minis</strong></span> <span class='ocrx_word' id='word_1_98' title='bbox 2099 1195 2273 1250; x_wconf 87' lang='lat' dir='ltr'><strong>neque</strong></span> <span class='ocrx_word' id='word_1_99' title='bbox 2324 1181 2393 1236; x_wconf 86' lang='lat' dir='ltr'><strong>de</strong></span> <span class='ocrx_word' id='word_1_100' title='bbox 2442 1197 2650 1236; x_wconf 83' lang='lat' dir='ltr'><strong>summa</strong></span> <span class='ocrx_word' id='word_1_101' title='bbox 2700 1182 2841 1237; x_wconf 87' lang='lat' dir='ltr'><strong>binis</strong></span> <span class='ocrx_word' id='word_1_102' title='bbox 2886 1181 3132 1239; x_wconf 85' lang='lat' dir='ltr'><strong>millibus</strong></span> 
     </span>
     <span class='ocr_line' id='line_1_11' title="bbox 631 1273 3130 1345; baseline -0 -14"><span class='ocrx_word' id='word_1_103' title='bbox 631 1276 992 1344; x_wconf 79' lang='lat' dir='ltr'><strong>respondente</strong></span> <span class='ocrx_word' id='word_1_104' title='bbox 1029 1276 1345 1345; x_wconf 81' lang='lat' dir='ltr'><strong>cogitamus,</strong></span> <span class='ocrx_word' id='word_1_105' title='bbox 1384 1275 1479 1330; x_wconf 88' lang='lat' dir='ltr'><strong>sed</strong></span> <span class='ocrx_word' id='word_1_106' title='bbox 1512 1275 1737 1330; x_wconf 87' lang='lat' dir='ltr'><strong>eandem</strong></span> <span class='ocrx_word' id='word_1_107' title='bbox 1772 1289 2051 1340; x_wconf 82' lang='lat' dir='ltr'><strong>summam,</strong></span> <span class='ocrx_word' id='word_1_108' title='bbox 2084 1289 2245 1343; x_wconf 79' lang='lat' dir='ltr'><strong>quam</strong></span> <span class='ocrx_word' id='word_1_109' title='bbox 2279 1273 2337 1328; x_wconf 92' lang='lat' dir='ltr'><strong>in</strong></span> <span class='ocrx_word' id='word_1_110' title='bbox 2371 1279 2489 1329; x_wconf 90' lang='lat' dir='ltr'><strong>scto</strong></span> <span class='ocrx_word' id='word_1_111' title='bbox 2523 1273 2590 1330; x_wconf 89' lang='lat' dir='ltr'><strong>de</strong></span> <span class='ocrx_word' id='word_1_112' title='bbox 2624 1273 3007 1344; x_wconf 78' lang='lat' dir='ltr'><strong>Prienensibus</strong></span> <span class='ocrx_word' id='word_1_113' title='bbox 3042 1276 3130 1330; x_wconf 91' lang='lat' dir='ltr'><strong>in-</strong></span> 
     </span>
     <span class='ocr_line' id='line_1_12' title="bbox 629 1368 2309 1439; baseline -0.001 -15"><span class='ocrx_word' id='word_1_114' title='bbox 629 1369 887 1434; x_wconf 77' lang='lat' dir='ltr'><strong>venimus,</strong></span> <span class='ocrx_word' id='word_1_115' title='bbox 920 1370 978 1424; x_wconf 92' lang='lat' dir='ltr'><strong>in</strong></span> <span class='ocrx_word' id='word_1_116' title='bbox 1013 1376 1131 1425; x_wconf 91' lang='lat' dir='ltr'><strong>scto</strong></span> <span class='ocrx_word' id='word_1_117' title='bbox 1169 1368 1235 1424; x_wconf 88' lang='lat' dir='ltr'><strong>de</strong></span> <span class='ocrx_word' id='word_1_118' title='bbox 1266 1369 1479 1423; x_wconf 82' lang='lat' dir='ltr'><strong>Iudaeis</strong></span> <span class='ocrx_word' id='word_1_119' title='bbox 1514 1368 1822 1439; x_wconf 75' lang='lat' dir='ltr'><strong>ponendam</strong></span> <span class='ocrx_word' id='word_1_120' title='bbox 1858 1383 1976 1424; x_wconf 86' lang='lat' dir='ltr'><strong>esse</strong></span> <span class='ocrx_word' id='word_1_121' title='bbox 2012 1383 2309 1422; x_wconf 78' lang='lat' dir='ltr'><strong>censemus,</strong></span> 
     </span>
    </p>
   </div>
   <div class='ocr_carea' id='block_1_3' title="bbox 631 1461 3131 1768">
    <p class='ocr_par' dir='ltr' id='par_1_4' title="bbox 631 1461 3131 1768">
     <span class='ocr_line' id='line_1_13' title="bbox 800 1461 3129 1548; baseline -0.001 -18"><span class='ocrx_word' id='word_1_122' title='bbox 800 1464 956 1530; x_wconf 84' lang='lat' dir='ltr'><strong>Cum</strong></span> <span class='ocrx_word' id='word_1_123' title='bbox 1001 1466 1130 1531; x_wconf 86' lang='lat' dir='ltr'><strong>iam</strong></span> <span class='ocrx_word' id='word_1_124' title='bbox 1174 1485 1367 1548; x_wconf 87' lang='lat' dir='ltr'><strong>supra</strong></span> <span class='ocrx_word' id='word_1_125' title='bbox 1410 1471 1771 1530; x_wconf 87' lang='lat' dir='ltr'><strong>enarratum</strong></span> <span class='ocrx_word' id='word_1_126' title='bbox 1816 1464 1917 1546; x_wconf 90' lang='lat' dir='ltr'><strong>sit,</strong></span> <span class='ocrx_word' id='word_1_127' title='bbox 1964 1463 2195 1546; x_wconf 88' lang='lat' dir='ltr'><strong>legatis</strong></span> <span class='ocrx_word' id='word_1_128' title='bbox 2236 1462 2692 1547; x_wconf 83' lang='lat' dir='ltr'><strong>posterioribus</strong></span> <span class='ocrx_word' id='word_1_129' title='bbox 2735 1461 3129 1545; x_wconf 85' lang='lat' dir='ltr'><strong>temporibus</strong></span> 
     </span>
     <span class='ocr_line' id='line_1_14' title="bbox 631 1572 3131 1657; baseline -0.002 -17"><span class='ocrx_word' id='word_1_130' title='bbox 631 1595 762 1640; x_wconf 92' lang='lat' dir='ltr'><strong>non</strong></span> <span class='ocrx_word' id='word_1_131' title='bbox 803 1575 934 1640; x_wconf 89' lang='lat' dir='ltr'><strong>iam</strong></span> <span class='ocrx_word' id='word_1_132' title='bbox 969 1576 1185 1641; x_wconf 85' lang='lat' dir='ltr'><strong>locum</strong></span> <span class='ocrx_word' id='word_1_133' title='bbox 1228 1575 1430 1640; x_wconf 88' lang='lat' dir='ltr'><strong>lautia</strong></span> <span class='ocrx_word' id='word_1_134' title='bbox 1473 1593 1614 1640; x_wconf 87' lang='lat' dir='ltr'><strong>esse</strong></span> <span class='ocrx_word' id='word_1_135' title='bbox 1659 1573 1830 1656; x_wconf 86' lang='lat' dir='ltr'><strong>data,</strong></span> <span class='ocrx_word' id='word_1_136' title='bbox 1878 1592 1993 1657; x_wconf 88' lang='lat' dir='ltr'><strong>per</strong></span> <span class='ocrx_word' id='word_1_137' title='bbox 2038 1593 2109 1640; x_wconf 87' lang='lat' dir='ltr'><strong>se</strong></span> <span class='ocrx_word' id='word_1_138' title='bbox 2136 1579 2333 1657; x_wconf 84' lang='lat' dir='ltr'><strong>patet,</strong></span> <span class='ocrx_word' id='word_1_139' title='bbox 2377 1573 2455 1638; x_wconf 89' lang='lat' dir='ltr'><strong>iis</strong></span> <span class='ocrx_word' id='word_1_140' title='bbox 2482 1572 2873 1656; x_wconf 86' lang='lat' dir='ltr'><strong>temporibus</strong></span> <span class='ocrx_word' id='word_1_141' title='bbox 2898 1592 3131 1637; x_wconf 89' lang='lat' dir='ltr'><strong>munus</strong></span> 
     </span>
     <span class='ocr_line' id='line_1_15' title="bbox 636 1686 1437 1768; baseline 0 -19"><span class='ocrx_word' id='word_1_142' title='bbox 636 1703 886 1768; x_wconf 88' lang='lat' dir='ltr'><strong>quoque</strong></span> <span class='ocrx_word' id='word_1_143' title='bbox 930 1686 1229 1751; x_wconf 88' lang='lat' dir='ltr'><strong>omissum</strong></span> <span class='ocrx_word' id='word_1_144' title='bbox 1274 1704 1437 1751; x_wconf 90' lang='lat' dir='ltr'><strong>esse.</strong></span> 
     </span>
    </p>
   </div>
   <div class='ocr_carea' id='block_1_4' title="bbox 629 1818 3134 4320">
    <p class='ocr_par' dir='ltr' id='par_1_5' title="bbox 810 1818 1761 1903">
     <span class='ocr_line' id='line_1_16' title="bbox 810 1818 1761 1903; baseline -0.004 -19"><span class='ocrx_word' id='word_1_145' title='bbox 810 1823 869 1884; x_wconf 87' lang='grc'><strong>3.</strong></span> <span class='ocrx_word' id='word_1_146' title='bbox 915 1818 1022 1882; x_wconf 84' lang='lat' dir='ltr'><strong>De</strong></span> <span class='ocrx_word' id='word_1_147' title='bbox 1063 1819 1244 1882; x_wconf 78' lang='lat' dir='ltr'><strong>donis</strong></span> <span class='ocrx_word' id='word_1_148' title='bbox 1285 1821 1539 1903; x_wconf 74' lang='lat' dir='ltr'><strong>insuper·</strong></span> <span class='ocrx_word' id='word_1_149' title='bbox 1583 1819 1761 1894; x_wconf 75' lang='lat' dir='ltr'><strong>dacis.</strong></span> 
     </span>
    </p>

    <p class='ocr_par' dir='ltr' id='par_1_6' title="bbox 629 1926 3134 4100">
     <span class='ocr_line' id='line_1_17' title="bbox 799 1926 3131 2012; baseline 0 -18"><span class='ocrx_word' id='word_1_150' title='bbox 799 1929 1028 1994; x_wconf 85' lang='lat' dir='ltr'><strong>Mirum</strong></span> <span class='ocrx_word' id='word_1_151' title='bbox 1071 1948 1199 1994; x_wconf 90' lang='lat' dir='ltr'><strong>non</strong></span> <span class='ocrx_word' id='word_1_152' title='bbox 1246 1934 1374 2010; x_wconf 89' lang='lat' dir='ltr'><strong>est,</strong></span> <span class='ocrx_word' id='word_1_153' title='bbox 1433 1927 1604 2012; x_wconf 92' lang='lat' dir='ltr'><strong>quod</strong></span> <span class='ocrx_word' id='word_1_154' title='bbox 1647 1927 1921 1993; x_wconf 88' lang='lat' dir='ltr'><strong>Romani</strong></span> <span class='ocrx_word' id='word_1_155' title='bbox 1970 1927 2201 2009; x_wconf 84' lang='lat' dir='ltr'><strong>legatis</strong></span> <span class='ocrx_word' id='word_1_156' title='bbox 2244 1947 2284 1992; x_wconf 90' lang='lat' dir='ltr'><strong>a</strong></span> <span class='ocrx_word' id='word_1_157' title='bbox 2330 1927 2520 1993; x_wconf 88' lang='lat' dir='ltr'><strong>sociis</strong></span> <span class='ocrx_word' id='word_1_158' title='bbox 2561 1926 2805 2009; x_wconf 89' lang='lat' dir='ltr'><strong>missis,</strong></span> <span class='ocrx_word' id='word_1_159' title='bbox 2866 1927 2973 2010; x_wconf 86' lang='lat' dir='ltr'><strong>qui</strong></span> <span class='ocrx_word' id='word_1_160' title='bbox 3014 1944 3131 1994; x_wconf 93' lang='lat' dir='ltr'><strong>eos</strong></span> 
     </span>
     <span class='ocr_line' id='line_1_18' title="bbox 632 2037 3129 2121; baseline -0 -19"><span class='ocrx_word' id='word_1_161' title='bbox 632 2037 854 2104; x_wconf 88' lang='lat' dir='ltr'><strong>officiis</strong></span> <span class='ocrx_word' id='word_1_162' title='bbox 900 2037 1066 2104; x_wconf 89' lang='lat' dir='ltr'><strong>datis</strong></span> <span class='ocrx_word' id='word_1_163' title='bbox 1111 2037 1566 2119; x_wconf 83' lang='lat' dir='ltr'><strong>devinxerant,</strong></span> <span class='ocrx_word' id='word_1_164' title='bbox 1610 2057 1741 2103; x_wconf 89' lang='lat' dir='ltr'><strong>non</strong></span> <span class='ocrx_word' id='word_1_165' title='bbox 1785 2038 1990 2103; x_wconf 88' lang='lat' dir='ltr'><strong>solum</strong></span> <span class='ocrx_word' id='word_1_166' title='bbox 2035 2057 2263 2103; x_wconf 88' lang='lat' dir='ltr'><strong>munus</strong></span> <span class='ocrx_word' id='word_1_167' title='bbox 2306 2037 2592 2104; x_wconf 89' lang='lat' dir='ltr'><strong>solemne</strong></span> <span class='ocrx_word' id='word_1_168' title='bbox 2634 2037 2965 2121; x_wconf 84' lang='lat' dir='ltr'><strong>praebere,</strong></span> <span class='ocrx_word' id='word_1_169' title='bbox 3010 2037 3129 2104; x_wconf 87' lang='lat' dir='ltr'><strong>sed</strong></span> 
     </span>
     <span class='ocr_line' id='line_1_19' title="bbox 630 2146 3131 2233; baseline -0.001 -19"><span class='ocrx_word' id='word_1_170' title='bbox 630 2149 892 2233; x_wconf 89' lang='lat' dir='ltr'><strong>insuper</strong></span> <span class='ocrx_word' id='word_1_171' title='bbox 932 2147 1193 2213; x_wconf 88' lang='lat' dir='ltr'><strong>honoris</strong></span> <span class='ocrx_word' id='word_1_172' title='bbox 1235 2147 1444 2230; x_wconf 83' lang='lat' dir='ltr'><strong>gratia</strong></span> <span class='ocrx_word' id='word_1_173' title='bbox 1489 2146 1658 2212; x_wconf 88' lang='lat' dir='ltr'><strong>dona</strong></span> <span class='ocrx_word' id='word_1_174' title='bbox 1704 2147 1857 2212; x_wconf 89' lang='lat' dir='ltr'><strong>dare</strong></span> <span class='ocrx_word' id='word_1_175' title='bbox 1900 2147 2214 2214; x_wconf 85' lang='lat' dir='ltr'><strong>solebant.</strong></span> <span class='ocrx_word' id='word_1_176' title='bbox 2273 2148 2501 2230; x_wconf 90' lang='lat' dir='ltr'><strong>Itaque</strong></span> <span class='ocrx_word' id='word_1_177' title='bbox 2545 2146 2895 2213; x_wconf 83' lang='lat' dir='ltr'><strong>Carnorum</strong></span> <span class='ocrx_word' id='word_1_178' title='bbox 2938 2148 3131 2214; x_wconf 90' lang='lat' dir='ltr'><strong>Istro·</strong></span> 
     </span>
     <span class='ocr_line' id='line_1_20' title="bbox 631 2257 3130 2342; baseline -0.002 -16"><span class='ocrx_word' id='word_1_179' title='bbox 631 2278 894 2341; x_wconf 86' lang='lat' dir='ltr'><strong>rumque</strong></span> <span class='ocrx_word' id='word_1_180' title='bbox 925 2265 989 2323; x_wconf 89' lang='lat' dir='ltr'><strong>et</strong></span> <span class='ocrx_word' id='word_1_181' title='bbox 1017 2259 1348 2324; x_wconf 80' lang='lat' dir='ltr'><strong>Gallorum</strong></span> <span class='ocrx_word' id='word_1_182' title='bbox 1378 2259 1733 2341; x_wconf 82' lang='lat' dir='ltr'><strong>legatorum</strong></span> <span class='ocrx_word' id='word_1_183' title='bbox 1764 2257 2119 2339; x_wconf 82' lang='lat' dir='ltr'><strong>comitibus,</strong></span> <span class='ocrx_word' id='word_1_184' title='bbox 2156 2257 2376 2324; x_wconf 89' lang='lat' dir='ltr'><strong>liberis</strong></span> <span class='ocrx_word' id='word_1_185' title='bbox 2405 2259 2732 2342; x_wconf 87' lang='lat' dir='ltr'><strong>servisque</strong></span> <span class='ocrx_word' id='word_1_186' title='bbox 2761 2278 2821 2323; x_wconf 90' lang='lat' dir='ltr'><strong>a.</strong></span> <span class='ocrx_word' id='word_1_187' title='bbox 2854 2261 3130 2336; x_wconf 78' lang='lat' dir='ltr'><strong>584l17o</strong></span> 
     </span>
     <span class='ocr_line' id='line_1_21' title="bbox 632 2367 3133 2451; baseline -0.001 -17"><span class='ocrx_word' id='word_1_188' title='bbox 632 2367 1014 2435; x_wconf 87' lang='lat' dir='ltr'><strong>vestimenta</strong></span> <span class='ocrx_word' id='word_1_189' title='bbox 1057 2375 1205 2433; x_wconf 89' lang='lat' dir='ltr'><strong>sunt</strong></span> <span class='ocrx_word' id='word_1_190' title='bbox 1249 2367 1429 2451; x_wconf 81' lang='lat' dir='ltr'><strong>data3</strong></span> <span class='ocrx_word' id='word_1_191' title='bbox 1474 2367 1764 2434; x_wconf 88' lang='lat' dir='ltr'><strong>similiter</strong></span> <span class='ocrx_word' id='word_1_192' title='bbox 1794 2367 2171 2434; x_wconf 86' lang='lat' dir='ltr'><strong>Masinissae</strong></span> <span class='ocrx_word' id='word_1_193' title='bbox 2213 2369 2568 2451; x_wconf 83' lang='lat' dir='ltr'><strong>legatorum</strong></span> <span class='ocrx_word' id='word_1_194' title='bbox 2613 2367 2945 2434; x_wconf 86' lang='lat' dir='ltr'><strong>comitibus</strong></span> <span class='ocrx_word' id='word_1_195' title='bbox 2988 2368 3133 2432; x_wconf 91' lang='lat' dir='ltr'><strong>mil-</strong></span> 
     </span>
     <span class='ocr_line' id='line_1_22' title="bbox 630 2477 3134 2560; baseline 0.001 -17"><span class='ocrx_word' id='word_1_196' title='bbox 630 2479 788 2544; x_wconf 89' lang='lat' dir='ltr'><strong>lium</strong></span> <span class='ocrx_word' id='word_1_197' title='bbox 831 2477 998 2543; x_wconf 85' lang='lat' dir='ltr'><strong>aeris</strong></span> <span class='ocrx_word' id='word_1_198' title='bbox 1042 2484 1107 2542; x_wconf 90' lang='lat' dir='ltr'><strong>et</strong></span> <span class='ocrx_word' id='word_1_199' title='bbox 1148 2478 1402 2560; x_wconf 83' lang='lat' dir='ltr'><strong>singula</strong></span> <span class='ocrx_word' id='word_1_200' title='bbox 1445 2477 1866 2556; x_wconf 84' lang='lat' dir='ltr'><strong>vestimenta,</strong></span> <span class='ocrx_word' id='word_1_201' title='bbox 1922 2477 2080 2560; x_wconf 86' lang='lat' dir='ltr'><strong>ipsis</strong></span> <span class='ocrx_word' id='word_1_202' title='bbox 2124 2477 2355 2560; x_wconf 86' lang='lat' dir='ltr'><strong>legatis</strong></span> <span class='ocrx_word' id='word_1_203' title='bbox 2398 2478 2553 2544; x_wconf 88' lang='lat' dir='ltr'><strong>bina</strong></span> <span class='ocrx_word' id='word_1_204' title='bbox 2594 2479 2979 2545; x_wconf 82' lang='lat' dir='ltr'><strong>vestimenta</strong></span> <span class='ocrx_word' id='word_1_205' title='bbox 3020 2478 3134 2545; x_wconf 88' lang='lat' dir='ltr'><strong>de-</strong></span> 
     </span>
     <span class='ocr_line' id='line_1_23' title="bbox 631 2586 3134 2683; baseline 0 -28"><span class='ocrx_word' id='word_1_206' title='bbox 631 2595 806 2683; x_wconf 84' lang='lat' dir='ltr'><strong>creta</strong></span> <span class='ocrx_word' id='word_1_207' title='bbox 833 2594 981 2656; x_wconf 88' lang='lat' dir='ltr'><strong>sunt</strong></span> <span class='ocrx_word' id='word_1_208' title='bbox 1010 2587 1171 2665; x_wconf 88' lang='lat' dir='ltr'><strong>(Liv.</strong></span> <span class='ocrx_word' id='word_1_209' title='bbox 1204 2587 1418 2670; x_wconf 88' lang='lat' dir='ltr'><strong>XXX,</strong></span> <span class='ocrx_word' id='word_1_210' title='bbox 1451 2591 1571 2662; x_wconf 91' lang='lat'><strong>17).</strong></span> <span class='ocrx_word' id='word_1_211' title='bbox 1624 2586 2001 2672; x_wconf 82' lang='lat' dir='ltr'><strong>Micythioni</strong></span> <span class='ocrx_word' id='word_1_212' title='bbox 2030 2606 2204 2670; x_wconf 85' lang='lat' dir='ltr'><strong>vere,</strong></span> <span class='ocrx_word' id='word_1_213' title='bbox 2236 2586 2754 2655; x_wconf 81' lang='lat' dir='ltr'><strong>Chalcidensium</strong></span> <span class='ocrx_word' id='word_1_214' title='bbox 2784 2587 3134 2672; x_wconf 84' lang='lat' dir='ltr'><strong>legationis</strong></span> 
     </span>
     <span class='ocr_line' id='line_1_24' title="bbox 629 2696 3133 2783; baseline 0.001 -20"><span class='ocrx_word' id='word_1_215' title='bbox 629 2699 902 2783; x_wconf 86' lang='lat' dir='ltr'><strong>principi</strong></span> <span class='ocrx_word' id='word_1_216' title='bbox 949 2704 1028 2776; x_wconf 92' lang='lat' dir='ltr'><strong>(a.</strong></span> <span class='ocrx_word' id='word_1_217' title='bbox 1077 2702 1407 2779; x_wconf 78' lang='lat' dir='ltr'><strong>584l170),</strong></span> <span class='ocrx_word' id='word_1_218' title='bbox 1468 2696 1637 2779; x_wconf 88' lang='lat' dir='ltr'><strong>quod</strong></span> <span class='ocrx_word' id='word_1_219' title='bbox 1694 2697 1966 2780; x_wconf 90' lang='lat' dir='ltr'><strong>pedibus</strong></span> <span class='ocrx_word' id='word_1_220' title='bbox 2022 2703 2247 2781; x_wconf 88' lang='lat' dir='ltr'><strong>captus</strong></span> <span class='ocrx_word' id='word_1_221' title='bbox 2303 2706 2470 2782; x_wconf 89' lang='lat' dir='ltr'><strong>erat,</strong></span> <span class='ocrx_word' id='word_1_222' title='bbox 2530 2700 2787 2783; x_wconf 90' lang='lat' dir='ltr'><strong>publice</strong></span> <span class='ocrx_word' id='word_1_223' title='bbox 2833 2700 3133 2767; x_wconf 88' lang='lat' dir='ltr'><strong>vehicula</strong></span> 
     </span>
     <span class='ocr_line' id='line_1_25' title="bbox 629 2806 3129 2894; baseline 0.001 -22"><span class='ocrx_word' id='word_1_224' title='bbox 629 2810 844 2872; x_wconf 88' lang='lat' dir='ltr'><strong>locata</strong></span> <span class='ocrx_word' id='word_1_225' title='bbox 907 2815 1085 2889; x_wconf 90' lang='lat' dir='ltr'><strong>sunt,</strong></span> <span class='ocrx_word' id='word_1_226' title='bbox 1151 2828 1314 2891; x_wconf 87' lang='lat' dir='ltr'><strong>quae</strong></span> <span class='ocrx_word' id='word_1_227' title='bbox 1379 2827 1523 2873; x_wconf 90' lang='lat' dir='ltr'><strong>eum</strong></span> <span class='ocrx_word' id='word_1_228' title='bbox 1588 2806 1919 2874; x_wconf 89' lang='lat' dir='ltr'><strong>commode</strong></span> <span class='ocrx_word' id='word_1_229' title='bbox 1983 2808 2409 2875; x_wconf 88' lang='lat' dir='ltr'><strong>Brundusium</strong></span> <span class='ocrx_word' id='word_1_230' title='bbox 2474 2811 2902 2894; x_wconf 85' lang='lat' dir='ltr'><strong>perveherent</strong></span> <span class='ocrx_word' id='word_1_231' title='bbox 2963 2811 3129 2886; x_wconf 86' lang='lat' dir='ltr'><strong>(Liv.</strong></span> 
     </span>
     <span class='ocr_line' id='line_1_26' title="bbox 630 2918 3130 3007; baseline -0.001 -20"><span class='ocrx_word' id='word_1_232' title='bbox 630 2918 872 2999; x_wconf 85' lang='lat' dir='ltr'><strong>XLIII,</strong></span> <span class='ocrx_word' id='word_1_233' title='bbox 923 2920 1012 3001; x_wconf 86' lang='lat'><strong>8);</strong></span> <span class='ocrx_word' id='word_1_234' title='bbox 1071 2918 1221 2982; x_wconf 90' lang='lat' dir='ltr'><strong>item</strong></span> <span class='ocrx_word' id='word_1_235' title='bbox 1279 2918 1510 3001; x_wconf 87' lang='lat' dir='ltr'><strong>legatis</strong></span> <span class='ocrx_word' id='word_1_236' title='bbox 1554 2918 1927 3001; x_wconf 82' lang='lat' dir='ltr'><strong>Saguntinis</strong></span> <span class='ocrx_word' id='word_1_237' title='bbox 1981 2921 2471 3006; x_wconf 87' lang='lat' dir='ltr'><strong>comprehensos</strong></span> <span class='ocrx_word' id='word_1_238' title='bbox 2515 2941 2657 2987; x_wconf 90' lang='lat' dir='ltr'><strong>cum</strong></span> <span class='ocrx_word' id='word_1_239' title='bbox 2701 2921 2973 3007; x_wconf 88' lang='lat' dir='ltr'><strong>pecunia</strong></span> <span class='ocrx_word' id='word_1_240' title='bbox 3014 2920 3130 2985; x_wconf 90' lang='lat' dir='ltr'><strong>ad-</strong></span> 
     </span>
     <span class='ocr_line' id='line_1_27' title="bbox 633 3026 3130 3115; baseline 0.001 -20"><span class='ocrx_word' id='word_1_241' title='bbox 633 3026 1007 3095; x_wconf 83' lang='lat' dir='ltr'><strong>ducentibus</strong></span> <span class='ocrx_word' id='word_1_242' title='bbox 1053 3026 1640 3111; x_wconf 81' lang='lat' dir='ltr'><strong>Carthaginienses,</strong></span> <span class='ocrx_word' id='word_1_243' title='bbox 1699 3029 1807 3111; x_wconf 92' lang='lat' dir='ltr'><strong>qui</strong></span> <span class='ocrx_word' id='word_1_244' title='bbox 1862 3028 1949 3095; x_wconf 86' lang='lat' dir='ltr'><strong>ad</strong></span> <span class='ocrx_word' id='word_1_245' title='bbox 2003 3029 2421 3096; x_wconf 89' lang='lat' dir='ltr'><strong>conducenda</strong></span> <span class='ocrx_word' id='word_1_246' title='bbox 2473 3032 2716 3099; x_wconf 83' lang='lat' dir='ltr'><strong>auxilia</strong></span> <span class='ocrx_word' id='word_1_247' title='bbox 2772 3033 2842 3097; x_wconf 92' lang='lat' dir='ltr'><strong>in</strong></span> <span class='ocrx_word' id='word_1_248' title='bbox 2898 3032 3130 3115; x_wconf 85' lang='lat' dir='ltr'><strong>Hispa-</strong></span> 
     </span>
     <span class='ocr_line' id='line_1_28' title="bbox 631 3137 3131 3225; baseline 0.001 -21"><span class='ocrx_word' id='word_1_249' title='bbox 631 3137 805 3204; x_wconf 90' lang='lat' dir='ltr'><strong>niam</strong></span> <span class='ocrx_word' id='word_1_250' title='bbox 847 3137 1276 3221; x_wconf 85' lang='lat' dir='ltr'><strong>traiecissent,</strong></span> <span class='ocrx_word' id='word_1_251' title='bbox 1338 3158 1563 3205; x_wconf 89' lang='lat' dir='ltr'><strong>aurum</strong></span> <span class='ocrx_word' id='word_1_252' title='bbox 1606 3147 2070 3223; x_wconf 85' lang='lat' dir='ltr'><strong>argentumque</strong></span> <span class='ocrx_word' id='word_1_253' title='bbox 2113 3139 2333 3205; x_wconf 86' lang='lat' dir='ltr'><strong>datum</strong></span> <span class='ocrx_word' id='word_1_254' title='bbox 2375 3159 2453 3207; x_wconf 88' lang='lat' dir='ltr'><strong>ac</strong></span> <span class='ocrx_word' id='word_1_255' title='bbox 2494 3161 2728 3223; x_wconf 82' lang='lat' dir='ltr'><strong>naves,</strong></span> <span class='ocrx_word' id='word_1_256' title='bbox 2787 3141 3012 3225; x_wconf 88' lang='lat' dir='ltr'><strong>quibus</strong></span> <span class='ocrx_word' id='word_1_257' title='bbox 3054 3143 3131 3207; x_wconf 91' lang='lat' dir='ltr'><strong>in</strong></span> 
     </span>
     <span class='ocr_line' id='line_1_29' title="bbox 631 3248 3129 3335; baseline 0.001 -21"><span class='ocrx_word' id='word_1_258' title='bbox 631 3248 1009 3332; x_wconf 87' lang='lat' dir='ltr'><strong>Hispaniam</strong></span> <span class='ocrx_word' id='word_1_259' title='bbox 1051 3254 1522 3315; x_wconf 86' lang='lat' dir='ltr'><strong>reverterentur</strong></span> <span class='ocrx_word' id='word_1_260' title='bbox 1566 3249 1730 3328; x_wconf 86' lang='lat' dir='ltr'><strong>(Liv.</strong></span> <span class='ocrx_word' id='word_1_261' title='bbox 1759 3249 1976 3329; x_wconf 91' lang='lat' dir='ltr'><strong>XXX,</strong></span> <span class='ocrx_word' id='word_1_262' title='bbox 2009 3252 2135 3325; x_wconf 87' lang='lat'><strong>21).</strong></span> <span class='ocrx_word' id='word_1_263' title='bbox 2202 3248 2573 3332; x_wconf 84' lang='lat' dir='ltr'><strong>Saguntinis</strong></span> <span class='ocrx_word' id='word_1_264' title='bbox 2618 3258 2829 3317; x_wconf 89' lang='lat' dir='ltr'><strong>autem</strong></span> <span class='ocrx_word' id='word_1_265' title='bbox 2874 3252 3129 3335; x_wconf 86' lang='lat' dir='ltr'><strong>legatis,</strong></span> 
     </span>
     <span class='ocr_line' id='line_1_30' title="bbox 632 3357 3131 3445; baseline 0.002 -23"><span class='ocrx_word' id='word_1_266' title='bbox 632 3357 740 3441; x_wconf 90' lang='lat' dir='ltr'><strong>qui</strong></span> <span class='ocrx_word' id='word_1_267' title='bbox 767 3358 1023 3425; x_wconf 83' lang='lat' dir='ltr'><strong>Italiam</strong></span> <span class='ocrx_word' id='word_1_268' title='bbox 1059 3362 1412 3443; x_wconf 87' lang='lat' dir='ltr'><strong>spectatum</strong></span> <span class='ocrx_word' id='word_1_269' title='bbox 1442 3359 1536 3425; x_wconf 89' lang='lat' dir='ltr'><strong>ire</strong></span> <span class='ocrx_word' id='word_1_270' title='bbox 1564 3360 1894 3440; x_wconf 86' lang='lat' dir='ltr'><strong>volebant,</strong></span> <span class='ocrx_word' id='word_1_271' title='bbox 1942 3357 2135 3425; x_wconf 91' lang='lat' dir='ltr'><strong>duces</strong></span> <span class='ocrx_word' id='word_1_272' title='bbox 2168 3358 2301 3424; x_wconf 89' lang='lat' dir='ltr'><strong>dati</strong></span> <span class='ocrx_word' id='word_1_273' title='bbox 2328 3360 2710 3444; x_wconf 85' lang='lat' dir='ltr'><strong>litteraeque</strong></span> <span class='ocrx_word' id='word_1_274' title='bbox 2740 3382 2855 3445; x_wconf 89' lang='lat' dir='ltr'><strong>per</strong></span> <span class='ocrx_word' id='word_1_275' title='bbox 2885 3360 3131 3445; x_wconf 89' lang='lat' dir='ltr'><strong>oppida</strong></span> 
     </span>
     <span class='ocr_line' id='line_1_31' title="bbox 632 3468 3131 3554; baseline 0.001 -20"><span class='ocrx_word' id='word_1_276' title='bbox 632 3469 884 3550; x_wconf 89' lang='lat' dir='ltr'><strong>missae,</strong></span> <span class='ocrx_word' id='word_1_277' title='bbox 932 3474 1002 3533; x_wconf 89' lang='lat' dir='ltr'><strong>ut</strong></span> <span class='ocrx_word' id='word_1_278' title='bbox 1046 3486 1156 3534; x_wconf 89' lang='lat' dir='ltr'><strong>eos</strong></span> <span class='ocrx_word' id='word_1_279' title='bbox 1201 3468 1464 3534; x_wconf 89' lang='lat' dir='ltr'><strong>comiter</strong></span> <span class='ocrx_word' id='word_1_280' title='bbox 1505 3469 1871 3551; x_wconf 88' lang='lat' dir='ltr'><strong>acciperent</strong></span> <span class='ocrx_word' id='word_1_281' title='bbox 1916 3468 2079 3547; x_wconf 82' lang='lat' dir='ltr'><strong>(Liv.</strong></span> <span class='ocrx_word' id='word_1_282' title='bbox 2122 3468 2433 3552; x_wconf 90' lang='lat' dir='ltr'><strong>XXVIII,</strong></span> <span class='ocrx_word' id='word_1_283' title='bbox 2470 3472 2608 3554; x_wconf 84' lang='lat'>39);</span> <span class='ocrx_word' id='word_1_284' title='bbox 2652 3471 2804 3535; x_wconf 88' lang='lat' dir='ltr'><strong>item</strong></span> <span class='ocrx_word' id='word_1_285' title='bbox 2849 3478 2913 3537; x_wconf 89' lang='lat' dir='ltr'><strong>et</strong></span> <span class='ocrx_word' id='word_1_286' title='bbox 2942 3471 3131 3537; x_wconf 86' lang='lat' dir='ltr'><strong>This-</strong></span> 
     </span>
     <span class='ocr_line' id='line_1_32' title="bbox 632 3572 3128 3663; baseline 0.002 -19"><span class='ocrx_word' id='word_1_287' title='bbox 632 3578 810 3645; x_wconf 87' lang='lat' dir='ltr'><strong>baeis</strong></span> <span class='ocrx_word' id='word_1_288' title='bbox 853 3599 912 3644; x_wconf 88' lang='lat' dir='ltr'><strong>a.</strong></span> <span class='ocrx_word' id='word_1_289' title='bbox 947 3580 1218 3655; x_wconf 74' lang='grc'><strong>5841170</strong></span> <span class='ocrx_word' id='word_1_290' title='bbox 1265 3576 1418 3642; x_wconf 88' lang='lat' dir='ltr'><strong>data</strong></span> <span class='ocrx_word' id='word_1_291' title='bbox 1453 3582 1601 3643; x_wconf 87' lang='lat' dir='ltr'><strong>sunt</strong></span> <span class='ocrx_word' id='word_1_292' title='bbox 1642 3572 1993 3660; x_wconf 81' lang='grc' dir='ltr'><em>γράμματα</em></span> <span class='ocrx_word' id='word_1_293' title='bbox 2038 3578 2515 3663; x_wconf 77' lang='grc' dir='ltr'><strong>φιλάνθρωπα,</strong></span> <span class='ocrx_word' id='word_1_294' title='bbox 2562 3580 2618 3647; x_wconf 87' lang='lat' dir='ltr'><strong>si</strong></span> <span class='ocrx_word' id='word_1_295' title='bbox 2662 3601 2785 3663; x_wconf 87' lang='lat' dir='ltr'><strong>quo</strong></span> <span class='ocrx_word' id='word_1_296' title='bbox 2830 3581 2917 3647; x_wconf 89' lang='lat' dir='ltr'><strong>ad</strong></span> <span class='ocrx_word' id='word_1_297' title='bbox 2961 3582 3128 3648; x_wconf 83' lang='lat' dir='ltr'><strong>alias</strong></span> 
     </span>
     <span class='ocr_line' id='line_1_33' title="bbox 633 3685 3129 3772; baseline 0.001 -18"><span class='ocrx_word' id='word_1_298' title='bbox 633 3688 922 3754; x_wconf 86' lang='lat' dir='ltr'><strong>civitates</strong></span> <span class='ocrx_word' id='word_1_299' title='bbox 978 3687 1072 3752; x_wconf 92' lang='lat' dir='ltr'><strong>ire</strong></span> <span class='ocrx_word' id='word_1_300' title='bbox 1126 3685 1470 3753; x_wconf 85' lang='lat' dir='ltr'><strong>studebant</strong></span> <span class='ocrx_word' id='word_1_301' title='bbox 1527 3687 1821 3771; x_wconf 83' lang='lat' dir='ltr'><strong>(Ephem.</strong></span> <span class='ocrx_word' id='word_1_302' title='bbox 1879 3689 2078 3772; x_wconf 87' lang='lat' dir='ltr'><strong>epigr.</strong></span> <span class='ocrx_word' id='word_1_303' title='bbox 2133 3690 2184 3770; x_wconf 95' lang='lat' dir='ltr'><strong>I,</strong></span> <span class='ocrx_word' id='word_1_304' title='bbox 2232 3693 2355 3756; x_wconf 82' lang='lat'><strong>278</strong></span> <span class='ocrx_word' id='word_1_305' title='bbox 2415 3689 2526 3755; x_wconf 91' lang='lat' dir='ltr'><strong>lin.</strong></span> <span class='ocrx_word' id='word_1_306' title='bbox 2586 3692 2690 3768; x_wconf 85' lang='lat'><strong>59)</strong></span> <span class='ocrx_word' id='word_1_307' title='bbox 2747 3698 2811 3758; x_wconf 91' lang='lat' dir='ltr'><strong>et</strong></span> <span class='ocrx_word' id='word_1_308' title='bbox 2867 3690 3129 3759; x_wconf 85' lang='lat' dir='ltr'><strong>Iudaeis</strong></span> 
     </span>
     <span class='ocr_line' id='line_1_34' title="bbox 634 3792 3129 3883; baseline 0 -21"><span class='ocrx_word' id='word_1_309' title='bbox 634 3818 692 3862; x_wconf 91' lang='lat' dir='ltr'><strong>a.</strong></span> <span class='ocrx_word' id='word_1_310' title='bbox 743 3796 1011 3878; x_wconf 73' lang='grc'>6211133</span> <span class='ocrx_word' id='word_1_311' title='bbox 1073 3794 1424 3881; x_wconf 76' lang='grc' dir='ltr'><em>γράμματα</em></span> <span class='ocrx_word' id='word_1_312' title='bbox 1484 3796 1638 3862; x_wconf 85' lang='lat' dir='ltr'><strong>data</strong></span> <span class='ocrx_word' id='word_1_313' title='bbox 1695 3804 1844 3863; x_wconf 85' lang='lat' dir='ltr'><strong>sunt</strong></span> <span class='ocrx_word' id='word_1_314' title='bbox 1888 3797 1981 3875; x_wconf 80' lang='grc' dir='ltr'><strong>εἷς</strong></span> <span class='ocrx_word' id='word_1_315' title='bbox 2025 3795 2393 3883; x_wconf 79' lang='grc' dir='ltr'><em>ἀσφάλειαν</em></span> <span class='ocrx_word' id='word_1_316' title='bbox 2438 3800 2551 3883; x_wconf 83' lang='grc' dir='ltr'><strong>τῆς</strong></span> <span class='ocrx_word' id='word_1_317' title='bbox 2596 3797 2690 3874; x_wconf 84' lang='grc' dir='ltr'><strong>εἷς</strong></span> <span class='ocrx_word' id='word_1_318' title='bbox 2735 3792 2913 3865; x_wconf 77' lang='grc' dir='ltr'><strong><em>οἷκον</em></strong></span> <span class='ocrx_word' id='word_1_319' title='bbox 2958 3796 3129 3865; x_wconf 77' lang='grc' dir='ltr'><strong><em>ἔπα-</em></strong></span> 
     </span>
     <span class='ocr_line' id='line_1_35' title="bbox 634 3904 3129 3991; baseline 0.002 -22"><span class='ocrx_word' id='word_1_320' title='bbox 634 3904 828 3979; x_wconf 67' lang='grc' dir='ltr'><em>γόδου</em></span> <span class='ocrx_word' id='word_1_321' title='bbox 875 3908 1021 3975; x_wconf 74' lang='lat' dir='ltr'><strong>(los.</strong></span> <span class='ocrx_word' id='word_1_322' title='bbox 1066 3906 1142 3971; x_wconf 91' lang='lat' dir='ltr'><strong>A.</strong></span> <span class='ocrx_word' id='word_1_323' title='bbox 1186 3906 1236 3969; x_wconf 95' lang='grc' dir='ltr'><strong>Ι.</strong></span> <span class='ocrx_word' id='word_1_324' title='bbox 1284 3905 1481 3986; x_wconf 88' lang='lat' dir='ltr'><strong>XIII,</strong></span> <span class='ocrx_word' id='word_1_325' title='bbox 1529 3909 1588 3989; x_wconf 86' lang='lat'><strong>9,</strong></span> <span class='ocrx_word' id='word_1_326' title='bbox 1636 3911 1695 3990; x_wconf 84' lang='lat'><strong>2,</strong></span> <span class='ocrx_word' id='word_1_327' title='bbox 1742 3929 1803 3991; x_wconf 91' lang='lat' dir='ltr'><strong>p.</strong></span> <span class='ocrx_word' id='word_1_328' title='bbox 1856 3911 1975 3971; x_wconf 82' lang='lat'><strong>172</strong></span> <span class='ocrx_word' id='word_1_329' title='bbox 2020 3908 2268 3990; x_wconf 65' lang='lat' dir='ltr'><strong>Bekk„</strong></span> <span class='ocrx_word' id='word_1_330' title='bbox 2313 3928 2375 3973; x_wconf 86' lang='lat' dir='ltr'><strong>v.</strong></span> <span class='ocrx_word' id='word_1_331' title='bbox 2420 3908 2931 3976; x_wconf 85' lang='lat' dir='ltr'><strong>Mendelssohni:</strong></span> <span class='ocrx_word' id='word_1_332' title='bbox 2986 3916 3129 3975; x_wconf 90' lang='lat' dir='ltr'><strong>scta</strong></span> 
     </span>
     <span class='ocr_line' id='line_1_36' title="bbox 633 4016 1574 4100; baseline 0.002 -20"><span class='ocrx_word' id='word_1_333' title='bbox 633 4016 812 4080; x_wconf 86' lang='lat' dir='ltr'><strong>Rom.</strong></span> <span class='ocrx_word' id='word_1_334' title='bbox 861 4036 963 4100; x_wconf 88' lang='lat' dir='ltr'><strong>ap.</strong></span> <span class='ocrx_word' id='word_1_335' title='bbox 1007 4016 1134 4081; x_wconf 91' lang='lat' dir='ltr'><strong>Ios.</strong></span> <span class='ocrx_word' id='word_1_336' title='bbox 1179 4036 1241 4099; x_wconf 91' lang='lat' dir='ltr'><strong>p.</strong></span> <span class='ocrx_word' id='word_1_337' title='bbox 1293 4018 1410 4079; x_wconf 89' lang='grc'><strong>143</strong></span> <span class='ocrx_word' id='word_1_338' title='bbox 1435 4020 1574 4099; x_wconf 90' lang='lat' dir='ltr'><strong>sq.).</strong></span> 
     </span>
    </p>

    <p class='ocr_par' dir='ltr' id='par_1_7' title="bbox 634 4116 3127 4320">
     <span class='ocr_line' id='line_1_37' title="bbox 803 4116 3127 4210; baseline 0.002 -21"><span class='ocrx_word' id='word_1_339' title='bbox 803 4125 930 4190; x_wconf 88' lang='lat' dir='ltr'><strong>Eas</strong></span> <span class='ocrx_word' id='word_1_340' title='bbox 985 4116 1199 4191; x_wconf 87' lang='lat' dir='ltr'><strong>autem</strong></span> <span class='ocrx_word' id='word_1_341' title='bbox 1256 4143 1396 4190; x_wconf 90' lang='lat' dir='ltr'><strong>eum</strong></span> <span class='ocrx_word' id='word_1_342' title='bbox 1455 4145 1675 4192; x_wconf 87' lang='lat' dir='ltr'><strong>curare</strong></span> <span class='ocrx_word' id='word_1_343' title='bbox 1729 4125 1970 4193; x_wconf 88' lang='lat' dir='ltr'><strong>iussum</strong></span> <span class='ocrx_word' id='word_1_344' title='bbox 2029 4147 2201 4205; x_wconf 88' lang='lat' dir='ltr'><strong>esse,</strong></span> <span class='ocrx_word' id='word_1_345' title='bbox 2260 4128 2367 4210; x_wconf 87' lang='lat' dir='ltr'><strong>qui</strong></span> <span class='ocrx_word' id='word_1_346' title='bbox 2419 4125 2500 4193; x_wconf 92' lang='lat' dir='ltr'><strong>de</strong></span> <span class='ocrx_word' id='word_1_347' title='bbox 2543 4134 2677 4194; x_wconf 87' lang='lat' dir='ltr'><strong>tota</strong></span> <span class='ocrx_word' id='word_1_348' title='bbox 2718 4146 2789 4193; x_wconf 88' lang='lat' dir='ltr'><strong>re</strong></span> <span class='ocrx_word' id='word_1_349' title='bbox 2832 4134 3127 4195; x_wconf 86' lang='lat' dir='ltr'><strong>senatum</strong></span> 
     </span>
     <span class='ocr_line' id='line_1_38' title="bbox 634 4234 3126 4320; baseline 0.001 -19"><span class='ocrx_word' id='word_1_350' title='bbox 634 4236 1056 4318; x_wconf 87' lang='lat' dir='ltr'><strong>consuluerat,</strong></span> <span class='ocrx_word' id='word_1_351' title='bbox 1100 4234 1656 4303; x_wconf 87' lang='lat' dir='ltr'><strong>Mendelssohnius</strong></span> <span class='ocrx_word' id='word_1_352' title='bbox 1698 4243 1870 4303; x_wconf 86' lang='lat' dir='ltr'><strong>recte</strong></span> <span class='ocrx_word' id='word_1_353' title='bbox 1912 4236 2249 4303; x_wconf 87' lang='lat' dir='ltr'><strong>adnotavit</strong></span> <span class='ocrx_word' id='word_1_354' title='bbox 2291 4242 2586 4320; x_wconf 89' lang='lat' dir='ltr'><strong>recteque</strong></span> <span class='ocrx_word' id='word_1_355' title='bbox 2628 4238 2864 4305; x_wconf 88' lang='lat' dir='ltr'><strong>adiecit</strong></span> <span class='ocrx_word' id='word_1_356' title='bbox 2908 4258 3126 4306; x_wconf 88' lang='lat' dir='ltr'><strong>earum</strong></span> 
     </span>
    </p>
   </div>
   <div class='ocr_carea' id='block_1_5' title="bbox 633 4344 3129 4541">
    <p class='ocr_par' dir='ltr' id='par_1_8' title="bbox 633 4344 3129 4541">
     <span class='ocr_line' id='line_1_39' title="bbox 634 4344 3129 4430; baseline 0.003 -21"><span class='ocrx_word' id='word_1_357' title='bbox 634 4344 983 4411; x_wconf 87' lang='lat' dir='ltr'><strong>litterarum</strong></span> <span class='ocrx_word' id='word_1_358' title='bbox 1051 4344 1719 4413; x_wconf 89' lang='lat' dir='ltr'><strong>commendaticiarum</strong></span> <span class='ocrx_word' id='word_1_359' title='bbox 1772 4348 2136 4430; x_wconf 84' lang='lat' dir='ltr'><strong>exemplum</strong></span> <span class='ocrx_word' id='word_1_360' title='bbox 2197 4348 2486 4430; x_wconf 85' lang='lat' dir='ltr'><strong>quamvis</strong></span> <span class='ocrx_word' id='word_1_361' title='bbox 2543 4349 2837 4415; x_wconf 87' lang='lat' dir='ltr'><strong>mutilum</strong></span> <span class='ocrx_word' id='word_1_362' title='bbox 2904 4355 3129 4417; x_wconf 85' lang='lat' dir='ltr'><strong>extare</strong></span> 
     </span>
     <span class='ocr_line' id='line_1_40' title="bbox 633 4455 2355 4541; baseline 0.001 -20"><span class='ocrx_word' id='word_1_363' title='bbox 633 4456 808 4539; x_wconf 88' lang='lat' dir='ltr'><strong>apud</strong></span> <span class='ocrx_word' id='word_1_364' title='bbox 849 4455 1107 4539; x_wconf 88' lang='lat' dir='ltr'><strong>Ioseph.</strong></span> <span class='ocrx_word' id='word_1_365' title='bbox 1152 4460 1228 4523; x_wconf 91' lang='lat' dir='ltr'><strong>A.</strong></span> <span class='ocrx_word' id='word_1_366' title='bbox 1275 4458 1324 4523; x_wconf 91' lang='grc' dir='ltr'><strong>Ι.</strong></span> <span class='ocrx_word' id='word_1_367' title='bbox 1369 4457 1543 4540; x_wconf 93' lang='lat' dir='ltr'><strong>XIV,</strong></span> <span class='ocrx_word' id='word_1_368' title='bbox 1597 4463 1693 4539; x_wconf 85' lang='lat'><strong>10,</strong></span> <span class='ocrx_word' id='word_1_369' title='bbox 1743 4461 1820 4521; x_wconf 87' lang='lat'><strong>15</strong></span> <span class='ocrx_word' id='word_1_370' title='bbox 1864 4479 1927 4541; x_wconf 91' lang='lat' dir='ltr'><strong>p.</strong></span> <span class='ocrx_word' id='word_1_371' title='bbox 1974 4461 2097 4523; x_wconf 81' lang='lat'><strong>240</strong></span> <span class='ocrx_word' id='word_1_372' title='bbox 2142 4458 2355 4525; x_wconf 84' lang='lat' dir='ltr'><strong>Bekk.</strong></span> 
     </span>
    </p>
   </div>
  </div>
 </body>
</html>
