3400 5300
1390 271 1808 356 -194

349 463 520 530 inter
562 481 634 529 sc
677 461 1136 545 consentiant¹)
1179 481 1446 545 cumque
1475 461 1758 542 accedat,
1801 462 1972 545 quod
2003 462 2285 540 Iudaei2)
2314 482 2564 544 quoque
2593 471 2844 530 centum

353 575 601 657 legatos
645 572 731 638 ad
774 571 1120 637 Antonium
1160 572 1424 638 mittunt
1466 573 1553 638 ad
1596 573 2027 640 accusandum
2060 573 2376 640 Herodem
2418 595 2635 658 regem
2680 576 2844 641 veri-

353 684 563 751 simile
606 701 753 749 essc
796 682 1078 764 videtur,
1123 689 1217 748 tot
1258 683 1506 767 legatos
1549 683 1713 747 mitti
1758 684 1997 765 solere,
2044 685 2099 750 si
2144 683 2319 750 cuius
2362 685 2532 767 regis
2574 685 2843 768 imperio

349 793 618 859 subiecti
658 792 869 874 ipsum
914 791 1239 858 dominum
1281 811 1584 859 accusare
1627 793 1952 859 volebant.

522 902 652 968 Sed
696 909 764 966 ut
807 901 888 970 de
930 902 1219 986 generali
1263 903 1620 984 legatorum
1664 922 1925 968 numero
1968 902 2213 985 aliquid
2257 901 2414 968 certi
2458 923 2843 986 cognoscere

348 1013 684 1097 possimne,
731 1032 767 1079 e
809 1013 1092 1078 numeris
1135 1011 1582 1095 comparandis
1626 1013 1981 1095 legatorum
2024 1018 2090 1077 et
2122 1031 2164 1078 a
2192 1011 2459 1078 Rhodiis
2490 1019 2554 1078 et
2582 1014 2665 1080 ab
2692 1014 2842 1080 aliis

349 1141 545 1206 saepe
587 1123 854 1187 Romam
899 1121 1234 1188 missorum
1277 1122 1450 1188 haud
1494 1141 1700 1206 pauca
1742 1122 1997 1189 haurire
2039 1142 2158 1188 nos
2200 1141 2409 1205 posse,
2463 1124 2649 1190 nobis
2692 1143 2843 1207 per-

347 1252 604 1300 suasum
663 1239 760 1298 est
773 1279 790 1314 ,
848 1233 903 1297 si
945 1232 1284 1316 Polybium
1341 1232 1664 1313 sequimur
1681 1283 1696 1310 ‚
1757 1252 1944 1315 quem
1988 1233 2057 1297 in
2100 1231 2445 1298 afferendis
2487 1233 2841 1315 legatorum

347 1343 712 1408 nominibus
754 1343 953 1408 multo
998 1341 1452 1408 accuratiorem
1499 1361 1640 1408 esse
1655 1390 1671 1423 ,
1734 1362 1926 1425 quam
1969 1342 2251 1423 Livium,
2294 1341 2424 1408 iam
2468 1343 2841 1421 Nissenus³)

348 1458 520 1518 recte
585 1451 986 1536 significavit.
1084 1450 1271 1529 Quod
1337 1452 1505 1518 enim
1573 1452 1923 1518 secundum
1979 1451 2315 1536 Polybium
2329 1453 2374 1529 ⁴)
2440 1473 2497 1518 a.
2568 1452 2647 1518 U.
2716 1455 2839 1517 585

345 1560 578 1627 Rhodii
623 1562 723 1628 bis
765 1563 1075 1627 miserunt
1102 1562 1371 1626 Romam
1416 1568 1632 1629 ternos
1674 1563 1940 1645 legatos,
1983 1580 2158 1626 anno
2189 1562 2550 1644 insequenti
2578 1563 2778 1628 semel
2794 1564 2839 1638 ⁵)

346 1676 562 1737 ternos
607 1679 671 1737 et
712 1691 854 1737 cum
900 1690 1017 1737 sex
1030 1671 1074 1747 ⁰)
1121 1670 1266 1737 aliis
1310 1672 1594 1740 eiusdem
1638 1671 1964 1755 scriptoris
1992 1655 2382 1738 ‘testimoniis
2418 1671 2841 1755 confirmetur,

346 1787 562 1848 ternos
618 1781 867 1864 legatos
925 1801 1066 1848 esse
1119 1782 1380 1863 missos,
1436 1783 1491 1848 is
1541 1801 1843 1848 numerus
1888 1801 2005 1847 usu
2047 1788 2338 1866 receptus
2382 1800 2523 1848 esse
2566 1782 2840 1849 videtur.

347 1891 644 1974 Accedit,
704 1891 872 1975 quod
930 1911 1070 1957 cum
1129 1893 1197 1957 in
1250 1892 1667 1976 inscriptione
1725 1891 2002 1975 quadam
2048 1892 2297 1958 Graeca
2310 1892 2355 1964 ⁷)
2402 1898 2466 1957 et
2508 1893 2836 1959 nonnullis

343 2001 500 2066 locis
547 1999 868 2068 Ciceronis
883 2004 960 2082 ⁸),
1007 2002 1287 2086 Appiani
1301 2005 1368 2083 ⁹),
1412 2002 1671 2087 Iosephi
1687 2005 1753 2079 ¹⁰)
1798 2000 1972 2067 idem
2014 2020 2314 2066 numerus
2354 2000 2637 2086 affertur,
2698 2009 2831 2068 tum

344 2112 800 2194 posterioribus
844 2112 1234 2195 temporibus
1279 2113 1486 2178 edicto
1521 2112 1667 2177 Divi
1695 2110 2075 2194 Vespasiani
2120 2110 2507 2194 praecipitur
2543 2114 2837 2178 omnibus

344 2219 727 2300 civitatibus,
773 2240 857 2286 ne
900 2222 1136 2304 plures,
1183 2240 1373 2303 quam
1419 2228 1634 2286 ternos
1680 2222 1930 2303 legatos
1973 2219 2247 2285 mittant.

513 2331 817 2395 Attamen
860 2336 1107 2395 tantum
1150 2330 1354 2409 abest,
1401 2337 1470 2395 ut
1512 2329 1789 2411 credam,
1839 2349 1981 2395 eum
2016 2348 2345 2394 numerum
2376 2349 2629 2413 semper
2657 2331 2838 2413 quasi

341 2438 771 2504 necessarium
814 2439 1038 2522 fuisse,
1095 2446 1164 2504 ut
1206 2440 1362 2504 mihi
1406 2459 1778 2523 persuasum
1822 2441 1937 2521 sit,
1984 2458 2329 2521 numquam
2372 2460 2414 2505 a
2456 2440 2643 2507 sociis
2685 2461 2841 2524 pau-

343 2549 546 2615 ciores
603 2549 767 2614 mitti
812 2569 1002 2631 quam
1049 2559 1261 2612 ternos
1303 2551 1570 2632 legatos.
1659 2549 1803 2628 Qua
1846 2569 1987 2615 cum
2033 2549 2333 2632 opinione
2377 2569 2507 2614 non
2550 2569 2840 2634 pugnare

348 2659 691 2725 nonnullos
723 2661 916 2743 locos,
963 2662 1029 2725 in
1061 2660 1291 2743 quibus
1337 2660 1418 2727 de
1462 2661 1712 2727 duobus
1727 2663 1791 2738 ¹2)
1838 2661 2067 2743 legatis
2098 2667 2208 2725 aut
2239 2660 2319 2726 de
2349 2661 2559 2734 uno¹³)
2591 2662 2836 2741 dicitur,

341 2768 644 2835 facillime
690 2764 1112 2835 demonstrari
1156 2776 1385 2853 potest.
1454 2771 1612 2837 Cum
1658 2772 1828 2837 enim
1873 2771 2211 2854 scriptores
2244 2769 2478 2837 diserte
2508 2768 2836 2853 testentur,

339 2879 508 2943 inter
548 2878 798 2962 legatos
841 2898 1093 2963 semper
1130 2879 1330 2947 fuisse
1372 2883 1646 2958 unumst)
1691 2887 1803 2946 aut
1846 2881 2007 2947 duos
2020 2882 2108 2963 ¹⁵),
2154 2880 2261 2963 qui
2303 2880 2612 2964 legationi
2654 2900 2838 2965 prae·

342 2995 558 3054 essent
615 2995 679 3054 et
736 3007 999 3069 quorum
1056 2991 1397 3057 auctoritas
1452 2991 1656 3055 maior
1698 2997 1870 3057 esset
1914 3010 2103 3072 quam
2147 2998 2527 3073 ceterorum,
2584 3010 2726 3056 cum
2768 2992 2836 3056 in

341 3103 570 3163 senatu
614 3096 813 3163 verba
843 3098 1054 3165 facere
1081 3100 1378 3182 solerent,
1424 3101 1652 3165 mirum
1683 3120 1813 3165 non
1844 3106 1960 3179 est,
2003 3100 2071 3164 in
2101 3100 2465 3167 nominibus
2494 3099 2838 3166 afferendis

340 3208 512 3273 solos
580 3207 919 3289 legationis
975 3210 1296 3294 principes
1363 3247 1447 3258 —
1517 3231 1666 3276 nam
1724 3210 1818 3275 ita
1832 3212 1897 3288 ¹‘¹)
1952 3208 2080 3274 dici
2136 3209 2433 3275 solebant
2497 3244 2581 3255 —
2646 3210 2839 3291 signi-

340 3314 532 3381 ficari.
617 3318 840 3400 Itaque
884 3319 937 3383 si
982 3322 1224 3397 unus¹⁶)
1271 3321 1521 3405 legatus
1563 3326 1674 3385 aut
1719 3319 1844 3384 duo
1889 3319 2329 3398 nominantur,
2374 3320 2421 3382 ii
2464 3325 2611 3384 sunt
2652 3320 2836 3403 lega-

480 3542 528 3600 1)
577 3536 682 3591 Dio
731 3537 784 3590 C.
824 3538 1089 3605 XXXIX,
1131 3544 1208 3593 12.
1281 3542 1457 3595 Strab.
1494 3541 1669 3607 XVII,
1711 3546 1754 3607 1,
1796 3546 1873 3596 11.
1945 3539 2057 3595 Cic.
2094 3541 2231 3596 Rab.
2266 3541 2414 3596 Post.
2451 3542 2530 3606 II,
2566 3546 2615 3595 4.
2692 3541 2834 3596 Cael.

337 3630 481 3696 VIII,
523 3634 597 3685 18.
664 3629 780 3683 Liv.
819 3646 897 3699 ep.
939 3637 1050 3685 104.
1105 3632 1250 3688 Plut.
1289 3633 1406 3689 Cat.
1443 3635 1568 3689 min.
1603 3633 1801 3689 XXIV.
1975 3636 2027 3699 2)
2064 3634 2275 3703 Ioseph.
2309 3634 2376 3687 A.
2412 3633 2454 3687 I.
2490 3634 2636 3699 XIV,
2678 3637 2756 3699 13,
2788 3638 2833 3699 1,

337 3738 390 3792 p.
416 3728 514 3778 255
554 3722 724 3776 Bekk.
864 3729 916 3790 3)
951 3741 995 3778 v.
1015 3725 1258 3781 Nisseni:
1297 3725 1385 3781 die
1401 3726 1623 3795 Quellen
1657 3728 1753 3781 der
1785 3732 1835 3781 4.
1870 3726 1983 3782 und
2019 3732 2066 3781 5.
2085 3725 2311 3781 Dekade
2336 3726 2429 3781 des
2454 3725 2637 3781 LIvius
2671 3742 2726 3795 p.
2750 3730 2831 3780 28.

338 3820 391 3880 4)
438 3816 555 3870 ΡοΙ.
589 3816 844 3883 XXVHI,
879 3821 925 3872 2.
980 3818 1233 3885 XXVIII,
1273 3824 1351 3874 14.
1553 3823 1606 3885 5)
1652 3819 1769 3874 Pol.
1805 3819 2005 3884 XXIX,
2041 3824 2091 3872 4.
2298 3823 2350 3884 6)
2396 3818 2511 3873 ΡοΙ.
2547 3818 2746 3884 XXIV,
2788 3826 2835 3875 1.

336 3908 536 3976 XXVI,
577 3914 621 3962 1.
689 3909 940 3978 XXVIII,
985 3916 1026 3964 1.
1097 3911 1348 3976 XXVIII,
1391 3916 1466 3967 18.
1535 3912 1739 3978 XXXI,
1774 3918 1821 3967 6.
1890 3912 2146 3979 XXXIII,
2188 3918 2205 3965 1
2250 3912 2401 3977 (Gell.
2437 3911 2558 3976 VII,
2600 3914 2699 3977 14).

338 4005 391 4067 7)
429 4001 486 4056 C.
522 4002 564 4055 I.
601 4002 696 4056 Gr.
742 4018 795 4055 n.
834 4008 985 4070 5882,
1023 4009 1174 4058 5491.
1367 4008 1416 4070 8)
1462 4003 1572 4059 Cic.
1608 4006 1763 4061 Verr.
1798 4005 1874 4071 H,
1925 4011 1974 4071 3,
2017 4011 2101 4073 45,
2146 4009 2256 4059 108.
2438 4008 2488 4068 9)
2524 4005 2665 4075 App.
2714 4006 2830 4075 Syr.

334 4094 430 4160 VI,
474 4099 547 4149 ιο.
598 4095 811 4165 Ioseph.
847 4096 913 4149 A.
948 4097 990 4151 Ι.
1025 4098 1173 4165 XIII,
1209 4103 1258 4164 9,
1296 4102 1344 4165 2,
1379 4116 1430 4167 p.
1478 4102 1591 4152 172.
1639 4098 1786 4165 XIV,
1828 4102 1905 4160 12,
1942 4102 1991 4163 3,
2025 4116 2079 4167 p.
2118 4102 2214 4151 252
2260 4096 2433 4152 Bekk.
2593 4101 2675 4164 11)
2710 4098 2831 4167 Dig.

333 4186 428 4243 lib.
462 4187 527 4241 L.
561 4187 628 4242 de
662 4189 822 4257 legat.
859 4190 952 4253 IV,
990 4192 1023 4259 ξ
1060 4197 1108 4246 6.
1249 4195 1330 4255 12)
1366 4191 1481 4246 ΡοΙ.
1517 4191 1717 4259 ΧΧΙΠ,
1756 4197 1802 4246 3.
1848 4190 2075 4255 XXVII,
2112 4196 2160 4245 ’1.
2214 4190 2466 4260 XXVIII,
2509 4196 2549 4245 1.
2604 4190 2831 4254 XXXII,

338 4284 385 4333 7.
429 4285 508 4332 17.
575 4280 828 4347 XXXIII,
871 4290 913 4336 1.
952 4288 999 4337 2.
1211 4288 1296 4349 13)
1337 4284 1454 4339 ΡοΙ.
1488 4284 1637 4349 XXI,
1673 4289 1724 4338 2.
1772 4283 1949 4350 XXII,
1989 4290 2069 4339 14.
2117 4283 2319 4348 XXIII,
2362 4288 2404 4349 1,
2444 4290 2520 4337 11.
2572 4283 2746 4349 XXV,
2780 4289 2829 4338 2.

335 4372 536 4439 XXVI,
573 4378 620 4427 8.
687 4374 862 4442 XXX,
905 4381 982 4429 11.
1053 4376 1253 4446 XXXI,
1300 4382 1348 4432 6.
1400 4382 1445 4431 8.
1505 4377 1758 4442 XXXIII,
1795 4382 1873 4430 14.
1933 4375 2235 4440 XXXVIII,
2272 4380 2301 4428 2
2339 4376 2411 4429 al.
2589 4381 2668 4443 14)
2717 4377 2827 4433 Cic.

338 4466 490 4520 Verr.
530 4466 598 4533 II,
637 4472 684 4532 3,
721 4472 804 4521 44.
860 4468 978 4522 Liv.
1015 4470 1162 4538 VIII,
1200 4476 1246 4525 5.
1283 4469 1455 4535 XLII,
1491 4474 1538 4524 6.
1581 4475 1659 4524 14.
1714 4469 1910 4536 XLIII,
1949 4474 1976 4522 7
2022 4468 2092 4523 al.
2262 4472 2345 4535 15)
2390 4469 2505 4524 Liv.
2540 4471 2706 4535 XLV,
2744 4476 2828 4526 25.

347 4560 427 4624 16)
463 4558 642 4613 Unum
678 4565 828 4614 extat
861 4563 1006 4631 apud
1037 4562 1151 4617 Pol.
1187 4562 1359 4630 XVII,
1401 4567 1478 4625 10,
1518 4568 1579 4617 10
1614 4564 1940 4633 exemplum,
1988 4578 2023 4617 a
2067 4577 2194 4631 rege
2228 4564 2416 4617 Attalo
2451 4562 2677 4618 Romam
2712 4580 2830 4630 esse

336 4651 560 4706 missum
592 4649 772 4723 μόνον
800 4651 1164 4727 Ἀλέξανδρον,
1213 4655 1356 4725 quod
1404 4656 1667 4725 quomodo
1716 4658 1788 4712 sit
1820 4655 2221 4726 explicandum,
2268 4672 2353 4711 me
2398 4672 2567 4726 usque
2613 4657 2682 4712 ad
2723 4658 2830 4712 hoc

2349 4759 2423 4811 2*
