3400 5300
1581 315 2005 377 -36-

548 499 773 546 norum
831 481 1060 564 legatis
1125 480 1658 564 impetraverunt3
1728 500 1993 565 quorum
2056 480 2423 564 comitibus,
2490 501 2632 547 cum
2683 501 2833 548 suos
2882 481 3047 548 ritus

546 591 790 656 Romae
834 591 1070 656 inferre
1111 596 1512 672 conarentur,
1560 591 1774 657 statim
1822 598 1968 674 post
1996 598 2289 656 senatum
2320 591 2541 657 datum
2568 590 2773 659 amice
2814 591 3049 658 suade-

546 699 752 782 batur,
800 705 870 765 ut
915 699 1138 766 domos
1184 705 1562 784 repeterent.
1621 701 1849 784 Itaque
1878 719 1989 766 eos
2020 699 2247 768 eodem
2292 700 2397 768 die
2439 701 2662 769 urbem
2706 701 3049 785 reliquisse

547 810 899 876 verisimile
945 817 1062 876 est.
1902 835 1905 838 ⁴

1549 1467 1891 1546 CAPUT
1945 1470 2035 1546 V.

723 1651 1141 1736 QUOMODO
1183 1653 1509 1719 LEGATI
1553 1652 2175 1738 MAGISTRATUS
2199 1657 2578 1742 ADEANT,
2624 1657 2743 1724 UT
2778 1656 2874 1723 IN

1109 1848 1132 1858 „
1188 1761 1600 1840 SENATUM
1644 1761 2403 1832 INTRODUGAN'TUR.

1364 1950 1441 2013 A.
1491 1948 1905 2016 Sociorum
1949 1951 2228 2035 legati.

725 2103 888 2169 Plut.
921 2122 982 2185 q.
1011 2102 1087 2167 R.
1119 2100 1338 2167 XLIII
1382 2107 1670 2185 testatur,
1716 2103 2025 2169 sociorum
2068 2103 2301 2187 legatis
2329 2105 2597 2170 Romam
2640 2105 3051 2172 venientibus

554 2215 827 2298 primum
872 2216 1273 2295 quaestorem
1317 2209 1632 2276 urbanum
1647 2214 1689 2289 ¹)
1734 2212 1804 2278 in
1847 2215 2097 2279 aerario
2128 2214 2383 2280 Saturni
2428 2215 2625 2298 fuisse
2652 2214 3045 2296 adeundum,

554 2332 625 2391 ut
665 2325 724 2390 is
766 2323 1172 2406 magistratus
1213 2341 1346 2386 non
1388 2322 1595 2387 solum
1635 2321 1919 2406 ipsorum
1964 2323 2338 2406 legatorum,
2383 2343 2606 2390 verum
2636 2324 2828 2390 etiam
2857 2326 3053 2391 comi-

555 2442 688 2500 tum
702 2437 748 2512 2)
804 2432 1066 2499 nomina
1121 2431 1191 2499 in
1247 2431 1482 2498 tabulis
1539 2431 1814 2516 publicis
1868 2439 2163 2499 accurate
2212 2440 2485 2500 notaret.
2571 2434 2817 2514 Quibus
2856 2436 3051 2502 rebus

555 2545 873 2629 perfectis,
918 2543 1168 2626 legatos
1209 2561 1352 2607 eum
1396 2542 1857 2624 magistratum,
1902 2561 1943 2607 a
1987 2562 2111 2625 quo
2154 2543 2223 2607 in
2253 2549 2545 2609 senatum
2572 2543 3051 2611 introduceren-

554 2663 674 2739 tur,
720 2654 958 2722 adiisse
1001 2654 1186 2735 eique
1228 2652 1581 2737 indicasse,
1626 2654 1735 2735 qui
1780 2660 1993 2719 essent
2037 2660 2101 2719 et
2143 2654 2373 2737 quibus
2418 2654 2500 2719 de
2541 2655 2735 2721 rebus
2774 2656 3049 2721 Romam

555 2766 886 2833 venissent
939 2769 1230 2847 petentes
1284 2769 1354 2827 ut
1411 2763 1533 2829 sibi
1591 2770 1884 2829 senatum
1934 2762 2215 2829 adeundi
2258 2770 2640 2847 potestatem
2683 2764 2952 2847 faceret,
3008 2784 3048 2831 e

558 2875 724 2940 Livii
768 2873 1147 2941 testimoniis
1157 2874 1202 2949 ⁸)
1245 2873 1600 2951 luculenter
1639 2879 1930 2956 apparet.

1594 3056 1672 3124 B.
1717 3060 2003 3142 Reges.

727 3197 968 3279 Regem
998 3198 1264 3262 Romam
1293 3194 1677 3279 venientem,
1725 3214 1867 3260 cum
1910 3196 1971 3261 ei
2012 3192 2266 3260 obviam
2295 3194 2460 3260 mitti
2488 3196 2723 3261 soleret
2750 3203 3051 3279 quaestor

558 3308 840 3374 urbanus
852 3307 915 3389 ⁴),
961 3307 1070 3389 qui
1112 3324 1258 3373 eum
1299 3311 1556 3389 sumptu
1597 3305 1855 3390 publico
1897 3304 2167 3371 Romam
2212 3302 2621 3388 perduceret,
2680 3324 2796 3390 per
2838 3324 2909 3372 se
2948 3306 3049 3373 iu-

700 3562 753 3620 1)
791 3556 908 3623 Gur,
939 3562 1276 3624 quaestorem
1308 3556 1576 3611 urbanum
1610 3554 1854 3620 adierint,
1888 3553 2035 3609 infra
2068 3558 2143 3623 (p.
2170 3559 2235 3609 46
2254 3557 2356 3625 sq.)
2383 3554 2709 3611 docebimus.
2744 3573 2794 3610 v.
2816 3540 3048 3611 Momm·

561 3652 703 3707 seni:
751 3651 908 3705 Rom.
942 3649 1169 3705 Forsch.
1206 3649 1249 3713 Ι,
1285 3653 1385 3703 344
1429 3648 1553 3703 adn.
1589 3652 1672 3701 34.
1723 3647 1877 3702 Rom.
1916 3648 2143 3703 Staatsr.
2177 3648 2247 3715 H,
2288 3652 2332 3715 1,
2370 3652 2487 3702 519.
2692 3652 2743 3714 2)
2791 3647 2901 3704 Cic.
2948 3664 3047 3717 pro

558 3745 744 3800 Flacc.
779 3742 980 3809 XVIII,
1001 3747 1081 3796 43.
1137 3742 1226 3796 Ex
1259 3742 1444 3797 eodem
1477 3739 1598 3795 loco
1633 3754 1899 3809 apparere
1931 3740 2159 3809 videtur,
2194 3742 2401 3809 legatos
2436 3742 2597 3805 solos,
2632 3757 2744 3797 non
2778 3756 2893 3796 una
2925 3756 3049 3797 cum

554 3826 808 3892 'omnibus
844 3834 1128 3891 comitibus
1165 3834 1233 3889 ad
1270 3836 1609 3902 quaestorem
1643 3832 1871 3888 venisse.
2009 3836 2061 3900 3)
2095 3833 2211 3889 Liv.
2246 3832 2447 3901 XXIX,
2487 3839 2563 3888 16.
2624 3834 2815 3902 Itaque
2850 3833 3047 3903 (alentii,

557 3929 866 3999 Illyriorum
894 3927 1034 3998 regis
1047 3969 1062 3996 ‚
1102 3926 1290 3995 legati,
1338 3942 1474 3997 quos
1507 3925 1715 3981 Romae
1750 3926 2119 3993 speculatores
2154 3926 2335 3995 specie
2368 3926 2671 3995 legatorum
2706 3926 2900 3983 adesse
2934 3928 3050 3983 dix·

560 4028 735 4088 erunt,
770 4023 829 4076 in
863 4024 1111 4077 senatum
1143 4018 1324 4075 vocati
1356 4019 1669 4088 interrogati
1704 4025 1845 4084 sunt,
1882 4018 2076 4088 ecquid
2110 4034 2219 4074 non
2254 4019 2516 4076 adiissent
2546 4020 2944 4089 magistratum,
2986 4024 3050 4076 ut
3103 4039 3106 4040 ⁷

561 4132 630 4171 ex
671 4116 924 4170 instituto
969 4114 1116 4181 loca,
1160 4112 1332 4168 lautia
1366 4112 1678 4182 acciperent
1693 4112 1721 4165 Ῥ
1763 4111 1995 4167 scIretur
2029 4111 2255 4180 denique
2287 4114 2499 4168 venisse
2532 4128 2625 4168 eos
2662 4116 2717 4168 et
2750 4128 2911 4182 suqer
2944 4128 3049 4183 qua

559 4225 620 4265 re
653 4208 949 4265 venissent!
987 4206 1126 4274 (Liv.
1161 4205 1332 4273 XLII,
1367 4210 1469 4271 26).
1607 4209 1658 4271 4)
1696 4204 1811 4259 Pol.
1845 4204 2021 4273 XXX,
2049 4209 2125 4258 17.
2161 4204 2274 4260 Liv.
2310 4204 2475 4272 XLV,
2517 4212 2593 4260 13.
2632 4212 2713 4262 44.
2748 4205 2871 4261 Val.
2904 4206 3049 4261 Max.

561 4302 625 4359 V.
659 4304 703 4370 Ι,
746 4307 788 4356 1.
863 4300 974 4355 Cic.
1011 4299 1081 4354 ad
1113 4299 1242 4353 fam.
1276 4299 1424 4363 XIII,
1460 4302 1507 4363 2,
1546 4303 1592 4352 2.
1643 4315 1689 4351 v.
1726 4298 1946 4367 Langii:
1996 4297 2063 4352 R.
2101 4298 2169 4352 A.
2204 4298 2272 4364 1³,
2308 4302 2427 4353 887.
2497 4298 2841 4353 Mommseni:
2896 4297 3050 4353 Rom.

565 4395 792 4450 Staatsr.
826 4394 896 4459 H,
919 4399 964 4459 1,
1001 4397 1100 4447 519
1136 4393 1258 4448 adn.
1297 4398 1344 4447 5.
1400 4392 1590 4462 Neque
1625 4390 1684 4445 id
1714 4391 1907 4445 mirum
1942 4394 2041 4455 est,
2076 4405 2201 4445 nam
2233 4394 2383 4447 recte
2398 4390 2643 4460 Voigtius
2678 4389 3052 4447 ammadvertit

561 4487 682 4549 (das
714 4488 800 4541 ius
837 4484 989 4541 civile
1024 4503 1102 4555 sq.
1137 4487 1208 4545 II.
1242 4502 1296 4555 p.
1325 4490 1420 4540 257
1461 4485 1584 4540 adn.
1624 4487 1744 4550 268)
1782 4480 1864 4538 ‘es
1898 4483 1971 4537 ist
2002 4500 2073 4538 zu
2105 4483 2400 4550 beachten,
2433 4484 2559 4540 dass
2594 4483 2679 4539 die
2714 4482 2914 4540 Romer
2946 4483 3051 4539 den

563 4578 939 4647 Staatsbegriff
980 4579 1069 4635 bei
1101 4578 1444 4649 Republiken
1488 4576 1587 4634 auf
1629 4578 1734 4632 den
1776 4576 2011 4647 populus
2059 4569 2161 4643 (im'
2190 4577 2299 4647 Jur.
2326 4577 2509 4636 Sinne)
2556 4577 2685 4634 oder
2728 4576 2814 4633 die
2860 4577 3047 4634 civitas

563 4677 791 4732 stutzeu,
826 4672 915 4726 bei
949 4670 1345 4741 Konigreichen
1379 4672 1617 4741 dagegen
1651 4670 1753 4725 auf
1782 4670 1887 4726 den
1920 4664 2059 4725 rex‘.
