3400 5300
1370 293 1793 353 —11—

507 460 635 528 Sed
678 479 850 526 nunc
889 457 1246 524 accuratius
1287 457 1685 541 disputemus
1730 456 1812 524 de
1853 456 2011 540 ipsis
2053 455 2325 538 hospitii'
2356 454 2597 524 officiis.

508 597 559 660 1.
611 600 664 660 1.
709 594 1000 670 Locus¹).

507 705 808 787 Hospites
863 702 1103 787 publici
1165 705 1329 768 tecto
1383 700 1857 783 recipiebantur
1910 701 2186 782 gratuito
2258 720 2468 784 neque
2536 723 2681 768 raro
2736 701 2833 767 fa-

341 826 508 883 ctum
555 822 681 897 est,
739 820 809 879 ut
865 812 948 878 ad
1008 811 1425 878 habitandum
1470 811 1777 877 darentur
1818 811 2014 877 aedes
2069 811 2344 892 liberae,
2401 810 2444 876 i.
2492 832 2547 879 e.
2587 805 2828 891 ‘aedes‚

339 946 502 1010 quae
543 925 707 991 nulli
749 923 860 989 alii
903 924 1010 988 vel
1053 921 1364 1005 inquilino
1407 922 1513 988 vel
1557 920 1901 986 habitatori
1945 921 2312 986 serviebant
2356 941 2671 1004 quasque,
2731 921 2831 987 cui

341 1036 689 1115 dabantur,
735 1034 911 1100 solus
956 1052 1097 1098 cum
1142 1051 1259 1099 sua
1300 1030 1546 1098 familia
1587 1021 1939 1096 incolebat'
1960 1032 2020 1108 ²).
2113 1033 2573 1097 Mommsenum
2617 1037 2829 1096 autem

339 1166 468 1210 non
511 1150 684 1211 recte
725 1142 1076 1222 iudicasse,
1134 1142 1383 1224 legatos
1427 1140 1744 1207 sociorum
1787 1159 1981 1224 saepe
2024 1141 2353 1208 habitasse
2394 1141 2461 1206 in
2505 1141 2661 1206 villa
2714 1163 2830 1225 pu-

219 1249 226 1256 ’
341 1256 528 1337 blica,
573 1255 640 1318 in
684 1273 908 1336 campo
953 1251 1179 1317 Martio
1226 1252 1350 1317 sita
1363 1252 1432 1332 ⁸),
1476 1249 1781 1316 facillime
1812 1250 2233 1326 demonstrari
2277 1259 2505 1335 potest.
2566 1251 2833 1317 Constat

339 1366 532 1445 enim,
577 1383 695 1430 usu
739 1362 993 1446 publico
1041 1361 1350 1427 sociorum
1393 1361 1642 1444 legatos
1685 1359 1770 1424 ab
1815 1360 2091 1426 hostium
2137 1361 2370 1443 legatis
2413 1363 2503 1427 ita
2534 1361 2828 1435 discerni,

340 1481 409 1540 ut
467 1474 535 1540 hi
593 1479 758 1539 tecto
817 1492 948 1536 non
1003 1471 1434 1554 reciperentur
1498 1470 1621 1536 nisi
1685 1479 1880 1532 eoetra
1944 1469 2162 1536 urbem
2227 1471 2295 1536 in
2363 1472 2523 1536 villa
2577 1471 2833 1555 publica

342 1597 425 1656 (v.
471 1603 617 1666 pag.
665 1587 791 1664 55),
837 1581 933 1646 illi
977 1581 1044 1644 in
1088 1579 1307 1646 urbem
1352 1578 1939 1646 intromitterentur.
2006 1579 2136 1647 Sed
2179 1581 2289 1646 ubi
2333 1583 2646 1648 sociorum
2690 1584 2833 1648 loca

340 1693 654 1776 publica⁴)
700 1691 950 1774 fuerint,
995 1691 1392 1775 ignoramus3
1438 1710 1588 1755 nam
1633 1690 1743 1754 vix
1788 1688 2091 1757 credibile
2136 1710 2277 1757 esse
2319 1679 2429 1759 eos
2470 1693 2539 1758 in
2584 1691 2834 1760 Carinis

341 1803 669 1868 habitasse
682 1803 728 1879 ⁶)
772 1801 1163 1866 Mommseno
1207 1798 1688 1866 concedendum
1734 1806 1849 1867 est.

513 1938 560 2002 Ι.
607 1941 666 2000 2.
712 1934 1028 2012 Lautia⁶).

512 2047 740 2112 Lautia
785 2046 1120 2129 explicat⁷)
1168 2044 1490 2110 Charisius
1521 2044 1596 2121 (Ι,
1630 2048 1705 2108 21
1744 2044 1813 2109 Ρ.
1846 2065 1905 2127 p.
1941 2047 2021 2109 34
2043 2044 2151 2120 K.)
2195 2063 2313 2128 per
2346 2045 2833 2128 supellectilem,

341 2157 598 2240 glossae
655 2175 770 2239 per
815 2155 1214 2220 Graecorum·
1261 2151 1720 2238 &vdqpoevtav⁸).
1811 2154 1943 2220 Sed
1986 2173 2127 2219 cum
2174 2155 2392 2236 negari
2437 2176 2566 2221 non
2612 2156 2833 2240 possit,

343 2265 624 2330 Graecos
667 2264 925 2347 hospitii
964 2263 1173 2346 gratia
1202 2281 1455 2327 omnem
1485 2261 1720 2327 victum
1752 2263 2026 2345 gratuito
2057 2283 2186 2329 non
2216 2251 2671 2347 praebuisse⁹),
2717 2265 2834 2332 sed

344 2373 485 2439 sola
516 2394 593 2440 ea
623 2393 788 2456 quae
817 2374 1094 2438 maxime
1125 2374 1489 2438 necessaria
1518 2371 1901 2438 videbantur
1928 2373 2015 2438 ad
2044 2373 2409 2454 vivendum,
2436 2372 2671 2441 deinde
2693 2395 2833 2441 cum

343 2484 715 2551 Athenaeus
738 2482 848 2564 IV,
873 2485 1022 2559 74¹⁰)
1049 2488 1282 2563 narret,
1309 2482 1533 2549 Delios
1562 2482 1798 2566 hospiti
1830 2483 2161 2566 paravisse
2190 2482 2349 2548 nihil
2377 2483 2503 2549 nisi
2533 2478 2696 2560 ἅλας
2726 2485 2832 2549 καὶ

347 2591 496 2674 ὄξος
532 2592 642 2660 καὶ
687 2592 906 2659 ἔλαιον
951 2593 1058 2657 καὶ
1105 2589 1476 2673 στρώματα,
1510 2592 1842 2675 Magnetes
1873 2596 2120 2677 στέγην,
2168 2587 2349 2671 ἅλας,
2385 2591 2629 2673 ἔλαιον,
2665 2589 2831 2673 ὅξος,

346 2704 445 2771 ἔτι
481 2702 727 2786 λύχνον,
773 2703 1013 2780 κλίνας,
1064 2700 1437 2786 στρώματα,
1483 2700 1832 2785 τραπέζας,
1866 2703 2144 2786 denique
2172 2724 2312 2769 cum
2343 2704 2577 2772 similia
2604 2706 2835 2771 afferat

346 2817 428 2882 de
456 2814 536 2881 iis
567 2834 731 2898 quae
756 2814 1062 2880 Romanis
1092 2812 1636 2897 proficiscentibus
1664 2813 1960 2896 praeberi
1988 2834 2126 2880 mos
2155 2814 2344 2881 fuerit
2366 2821 2428 2882 et
2451 2816 2751 2883 Horatius
2771 2818 2833 2893 ¹¹)

487 3088 532 3141 1)
569 3082 752 3135 Locus
791 3082 922 3139 (LIV.
960 3079 1213 3145 XXVIII,
1248 3084 1330 3134 39.
1363 3078 1536 3146 XXX,
1564 3084 1645 3133 21.
1683 3079 1910 3145 XXXV,
1936 3084 2019 3147 23)
2053 3080 2176 3135 loca
2210 3080 2344 3147 (Liv.
2364 3082 2538 3147 XXX,
2562 3087 2643 3150 17)
2678 3083 2835 3139 aedes

346 3177 550 3231 liberae
585 3175 718 3241 (Liv.
754 3173 926 3241 XXX,
971 3178 1049 3229 17.
1096 3172 1320 3238 XXXV,
1355 3178 1437 3227 23.
1485 3172 1657 3238 XLII,
1693 3176 1745 3237 6)
1792 3170 1959 3229 τόπος
1993 3173 2124 3239 (Set.
2162 3173 2227 3227 de
2262 3174 2476 3243 Asclep.
2512 3176 2604 3229 fin.
2638 3192 2714 3243 gr.
2752 3180 2836 3239 26)

347 3264 630 3337 κατάλυμα
666 3267 800 3335 (Pol.
837 3267 1064 3334 XXXII,
1104 3270 1202 3332 19).
1411 3271 1461 3333 2)
1504 3266 1591 3321 Ita
1634 3270 1785 3321 recte
1817 3266 2106 3321 Turnebus
2155 3266 2225 3320 ad
2258 3266 2372 3341 Liy.
2407 3266 2699 3333 XXX‚·17.

349 3365 402 3428 3)
434 3378 482 3415 v.
526 3360 782 3416 Beckeri:
827 3360 1039 3416 Handb.
1079 3360 1127 3414 d.
1165 3377 1209 3415 r.
1245 3360 1437 3414 Altert.
1475 3363 1512 3412 t.
1550 3360 1594 3424 I,
1626 3375 1682 3428 p.
1722 3362 1838 3415 625.
2026 3364 2079 3425 4)
2122 3360 2229 3414 Per
2272 3375 2331 3415 se
2372 3360 2689 3429 intelligitur
2722 3362 2838 3419 fieri

348 3453 593 3523 potuisse
625 3455 690 3507 ut
723 3452 869 3521 apud
903 3453 1142 3521 privatos
1175 3451 1414 3520 hospites
1449 3452 1759 3508 habitarent
1793 3455 1860 3518 (v.
1884 3452 2026 3507 Plut.
2053 3452 2209 3506 Publ.
2227 3454 2321 3508 IV.
2378 3454 2482 3509 Dio
2510 3454 2567 3508 C.
2586 3454 2837 3517 XXXIX,

355 3552 434 3613 13)
481 3546 630 3601 socii.
819 3550 870 3611 5)
917 3545 1060 3599 Serv.
1099 3544 1280 3599 adnot.
1317 3544 1387 3598 ad
1423 3546 1580 3613 Verg.
1613 3546 1753 3601 Aen.
1790 3545 1934 3611 VIII,
1972 3550 2087 3600 361.
2279 3550 2329 3611 6)
2371 3546 2567 3601 Lamia
2603 3548 2731 3607 (Sct.
2770 3548 2838 3603 de

349 3639 566 3707 Asclep.
602 3639 692 3693 lin.
729 3638 990 3692 lat.VIII.
1011 3637 1142 3691 ·Liv.
1177 3636 1426 3702 XXVIII,
1449 3643 1530 3692 39.
1567 3638 1741 3704 XXX,
1765 3644 1842 3691 17.
1877 3636 2101 3703 XXXV,
2130 3642 2211 3691 23.
2246 3637 2415 3705 XLII,
2452 3644 2533 3693 26.
2569 3640 2735 3705 XLV,
2756 3644 2839 3695 20.

350 3732 502 3789 Fest.
539 3747 621 3801 ep.
668 3747 727 3800 p.
777 3735 841 3786 68
891 3730 1102 3796 dautia,
1155 3744 1294 3797 quae
1343 3731 1513 3785 lautia
1563 3730 1816 3795 dicimus,
1868 3731 2065 3785 dantur
2114 3732 2303 3799 legatis
2356 3732 2579 3800 hospitii
2627 3734 2838 3801 gratia.)

351 3822 624 3894 παροχή
662 3823 876 3887 (Setae
895 3823 1109 3891 Asclep.
1145 3822 1238 3875 lin.
1276 3838 1351 3891 gr.
1387 3822 1583 3879 XXVI.
1620 3822 2004 3885 P01.XX11,1.
2037 3825 2211 3892 xxv,
2230 3830 2277 3879 6.
2317 3824 2541 3886 xxxn,
2568 3830 2665 3891 19.)
2692 3828 2838 3887 ξένια

353 3918 514 3983 (Plut.
551 3923 754 3986 quaest.
792 3916 947 3974 Rom.
983 3920 1049 3970 43
1098 3913 1159 3966 τὸ
1195 3914 1303 3984 γὰρ
1339 3913 1577 3967 παλαιόν
1607 3952 1620 3966 .
1655 3954 1666 3965 .
1695 3955 1710 3967 .
1741 3956 1753 3967 .
1786 3914 1841 3968 οἱ
1874 3916 2067 3985 ταμίαι
2102 3918 2249 3977 ξένια
2284 3924 2399 3975 τοῖς·
2450 3921 2840 3985 πρεσβεύουσιν

352 4008 612 4079 ἔπεμπον,
651 4010 886 4063 ἐκαλεῖτο
924 4008 983 4062 δὲ
1017 4009 1271 4073 λαύτεια).
1305 4007 1412 4063 Dio
1451 4008 1508 4062 C.
1546 4008 1612 4061 fr.
1651 4012 1715 4061 79
1750 4008 1855 4063 Dd.
1995 4013 2045 4074 7)
2080 4010 2201 4066 Val.
2237 4011 2386 4065 Max.
2422 4010 2509 4077 (V,
2546 4011 2606 4067 C.
2642 4013 2685 4078 I,
2724 4014 2756 4081 ξ
2797 4020 2843 4080 1,

351 4120 406 4172 p.
443 4108 558 4159 381.
591 4102 806 4172 Kcmpf)
853 4118 975 4157 cum
1022 4108 1232 4164 narret,
1279 4101 1504 4157 Prusiae
1555 4101 1780 4171 eiusque
1825 4102 2108 4157 comitibus
2144 4104 2361 4173 publice
2404 4119 2521 4159 esse
2565 4107 2843 4173 praebitas

353 4198 571 4269 copim,
615 4212 715 4265 pro
749 4196 970 4251 insolito
1005 4196 1298 4249 lautiorum
1330 4196 1493 4249 verbo
1528 4194 1662 4249 illud
1698 4195 1917 4251 solitum
1952 4194 2201 4263 posuisse
2234 4195 2462 4250 videtur.
2531 4198 2665 4252 ltem
2700 4199 2840 4266 (Val.

353 4289 499 4345 Max.
520 4288 586 4344 V.
620 4288 664 4355 Ι,
695 4292 742 4351 1)
779 4304 1007 4344 narrans
1041 4287 1351 4344 Ptolemaeo
1387 4288 1500 4357 regi
1535 4304 1564 4343 e
1595 4303 1760 4357 regno
1797 4289 1955 4357 pulso
1994 4288 2199 4343 Romae
2236 4288 2431 4344 cotidie
2464 4305 2689 4345 munera
2722 4306 2843 4347 esse

353 4382 520 4437 missa
552 4380 785 4436 fortasse
819 4381 988 4435 lautia
1021 4380 1289 4447 intelligit.
1446 4384 1497 4446 8)
1532 4398 1582 4435 v.
1619 4381 1879 4451 Stephani
1918 4381 2055 4436 thes.
2090 4396 2134 4436 s.
2171 4398 2220 4435 v.
2259 4378 2546 4450 ἒνδομενία
2580 4384 2842 4441 Lobeckii

354 4476 553 4544 Phryn.
589 4491 642 4544 p.
678 4478 794 4529 334.
933 4478 983 4540 9)
1019 4474 1264 4543 Xenoph.
1300 4474 1474 4529 Anab.
1510 4474 1606 4541 IV,
1643 4480 1692 4539 8,
1729 4480 1809 4531 23.
1845 4476 1912 4539 V,
1946 4480 1993 4538 9,
2035 4481 2111 4529 15.
2147 4474 2215 4541 V,
2256 4480 2335 4541 10,
2372 4480 2419 4530 3.
2482 4477 2611 4547 LyS.
2648 4477 2715 4532 de
2746 4478 2841 4537 lib.

353 4568 474 4622 Nic.
510 4567 577 4622 fr.
610 4585 662 4637 p.
699 4572 816 4621 306.
854 4566 1022 4621 Beck.
1168 4570 1249 4632 10)
1283 4584 1330 4621 v.
1367 4566 1686 4623 Hermanni:
1722 4585 1801 4635 gr.
1839 4569 2114 4624 Privatalt.
2150 4572 2180 4634 ξ
2220 4573 2301 4622 51.
2450 4573 2527 4629 11)
2562 4570 2693 4626 Hor.
2730 4570 2839 4626 Sat.

354 4661 399 4727 I,
435 4667 484 4724 5,
519 4666 612 4716 46:
662 4665 865 4716 tectum
900 4660 1149 4730 praebuit
1183 4666 1237 4715 et
1271 4661 1497 4730 parochi
1521 4660 1669 4729 'quae
1704 4660 1903 4717 debent
1937 4662 2081 4730 ligna
2116 4662 2404 4731 salemque.
