3400 5300
1387 325 1809 388 -37—

350 493 687 578 telligitur,
745 511 954 574 neque
1011 511 1192 558 suum
1256 509 1490 558 nomen
1543 507 1754 572 neque
1808 488 2109 555 comitum
2166 489 2429 556 nomina
2468 489 2538 554 in
2580 489 2844 556 Saturni

351 604 600 671 aerario
659 602 966 670 detulisse
1019 601 1105 668 ad
1163 601 1635 685 magistratum3
1689 598 1806 666 sed
1864 617 2097 682 magno
2142 600 2443 666 comitatu
2486 595 2708 668 urbem¹
2749 601 2845 666 in·

351 733 608 798 gressus
649 712 734 778 ad
777 710 979 777 forum
1023 711 1432 794 tribunalque
1475 709 1703 778 summi
1740 709 2153 792 magistratus
2181 729 2297 775 rex
2325 709 2628 778 veniebat
2655 711 2842 794 eique
2898 775 2901 780 .

349 822 710 904 nuntiabat,
757 821 896 904 quis
941 827 1112 887 esset
1155 839 1407 904 quaque
1450 819 1531 885 de
1574 838 1644 883 re
1689 825 1980 885 senatum
2026 819 2207 886 adire
2249 821 2464 886 vellet.
2525 822 2689 888 Tum
2732 821 2848 886 ille·

353 933 432 1014 ei,
479 933 533 998 si
575 932 794 1014 vellet,
842 951 917 998 eo
964 931 1070 998 die
1114 937 1405 998 senatum
1449 949 1520 996 se
1564 949 1707 998 esse
1746 929 2058 1012 daturum,
2104 930 2349 997 urbane
2379 936 2445 996 et
2474 930 2850 1012 liberaliter,

251 1070 255 1073 ·
351 1049 422 1108 ut
465 1042 627 1108 solet
671 1040 805 1107 fieri
845 1041 915 1107 in
957 1059 1141 1124 reges
1185 1041 1408 1124 socios,
1453 1041 1881 1124 promittebat.

1193 1275 1261 1342 O.
1315 1237 1678 1342 Hostium
1720 1275 2006 1359 legati.

525 1430 816 1495 Hostium
861 1428 1089 1512 legati,
1149 1447 1291 1495 cum
1333 1428 1402 1493 in
1446 1429 1668 1494 urbem
1712 1446 1844 1494 non
1870 1407 2482 1512 intromitterentur,
2538 1427 2674 1496 fieri
2717 1451 2875 1510 non*

352 1539 580 1624 potuit,
625 1545 695 1603 ut
735 1538 806 1602 in
835 1537 1093 1604 Saturni
1121 1537 1368 1603 aerario
1411 1537 1498 1602 ad
1542 1543 1946 1620 quaestorem
1988 1537 2253 1604 nomina
2297 1537 2645 1621 deferrent3
2689 1545 2849 1605 atta·

354 1668 503 1715 men
546 1649 774 1713 mirum
803 1654 918 1730 est,
964 1647 1136 1730 quod
1165 1646 1416 1712 senatui
1446 1664 1702 1730 semper
1730 1653 1949 1711 notum
1980 1654 2097 1730 est,
2141 1647 2391 1730 legatos
2417 1648 2696 1714 hostium
2726 1651 2849 1715 Ro-

354 1777 501 1823 mae
558 1759 1003 1842 propinquare.
1092 1758 1185 1823 In'
1226 1756 1368 1839 ipso
1423 1774 1577 1821 vero
1635 1757 1808 1822 bello
1866 1777 2008 1824 cum
2065 1757 2284 1823 hostes
2339 1758 2489 1822 victi
2548 1758 2629 1825 de
2672 1757 2850 1842 pacis

354 1868 836 1934 condicionibus
859 1873 1128 1951 agentes
1157 1867 1244 1933 ad
1270 1867 1719 1950 imperatorem
1738 1868 2169 1934 Romanorum
2200 1868 2681 1945 caduceatorem
2711 1869 2855 1934 mit·

351 1984 495 2044 tant
509 1980 573 2058 ¹),
603 1979 836 2061 aliquis
858 1977 1240 2043 concludere
1260 1975 1555 2060 potuerit,
1588 1977 1740 2042 item
1762 1977 1848 2042 ad
1870 1985 2162 2044 senatum
2184 1979 2349 2043 mitti
2368 1976 2849 2043 caduceatorem

353 2088 776 2171 nuntiantem,
822 2088 1099 2152 hostium
1143 2087 1391 2169 legatos
1433 2085 1518 2150 ad
1559 2087 1782 2152 urbem
1811 2087 2073 2171 propius
2102 2087 2427 2169 accedere,
2472 2086 2850 2171 praesertim

356 2216 500 2262 cum
529 2196 814 2278 accedat,
847 2195 1018 2278 quod
1046 2194 1220 2277 apud
1252 2196 1530 2262 Graecos
1543 2198 1588 2272 ²)
1619 2197 1711 2261 ita
1740 2196 1877 2262 fieri
1907 2197 2088 2262 solet.
2156 2197 2255 2262 Ea
2283 2203 2497 2262 tamen
2528 2197 2853 2262 sententia

354 2325 497 2370 cum
541 2324 625 2370 ne
666 2305 801 2371 ullo
845 2302 1103 2387 quidem
1146 2305 1508 2372 testimonio
1539 2303 1959 2386 confirmetur,
2002 2304 2574 2372 verisimilitudinis
2602 2305 2853 2390 species

355 2434 617 2500 prorsus
647 2415 1050 2498 obscuratur3
1072 2414 1318 2496 ,deinde
1347 2415 1403 2480 si
1433 2434 1503 2481 re
1533 2433 1687 2480 vera
1716 2415 1913 2498 legati
1934 2416 2366 2481 Romanorum
2395 2415 2569 2501 apud
2591 2414 2849 2482 Cannas

352 2530 682 2608 captorum
695 2525 740 2601 ³)
771 2530 882 2588 aut
913 2523 1260 2606 Iugurthae
1273 2526 1315 2598 ⁴)
1345 2524 1432 2590 ad
1457 2531 1745 2606 senatum
1774 2531 1969 2592 antea
1996 2524 2478 2591 caduceatorem
2507 2525 2849 2606 misissent,

353 2639 572 2721 patres
626 2634 766 2701 sine
821 2634 1013 2700 dubio
1059 2633 1119 2700 ei
1161 2633 1675 2719 respondissent,
1736 2654 1899 2719 quae
1958 2634 2038 2701 de
2098 2634 2423 2717 legatione
2477 2633 2851 2718 accipienda

355 2745 668 2811 sentirent
711 2763 920 2827 neque
961 2744 1250 2810 lictorem
1291 2745 1371 2811 iis
1414 2745 1672 2811 obviam
1713 2746 2052 2811 misissent.

524 2854 754 2937 Itaque
808 2873 1069 2938 prorsus
1125 2855 1313 2919 aliter
1357 2854 1480 2920 hac
1524 2855 1606 2920 de
1648 2874 1720 2920 re
1762 2855 2089 2921 sentimus.
2178 2856 2634 2938 Imperatorem
2680 2854 2850 2920 enim

295 2988 298 2993 ·
357 2965 736 3047 Romanum,
783 2984 923 3030 cum
966 2962 1293 3047 constet⁸),
1341 2983 1482 3029 cum
1523 2964 1758 3045 legatis
1802 2964 1885 3030 de
1927 2985 2087 3049 pace
2130 2964 2470 3048 agentibus
2514 2985 2645 3030 non
2674 2964 2847 3030 illico

357 3094 582 3158 pacem
627 3074 742 3139 sed
785 3071 1230 3141 tantummodo
1269 3071 1560 3139 inducias
1602 3071 1813 3138 facere
1856 3093 2076 3157 posse,
2136 3094 2252 3157 per
2296 3073 2464 3156 quod
2509 3076 2761 3157 tempus
2804 3074 2850 3139 ii

356 3182 442 3250 ad
501 3190 792 3250 senatum
848 3183 1096 3266 legatos
1151 3180 1438 3261 mittant,
1500 3182 1654 3264 quid
1711 3184 1941 3248 mirum
1986 3189 2112 3267 est,
2172 3183 2342 3267 quod
2384 3189 2579 3249 antea
2622 3182 2849 3250 litteris

354 3293 761 3377 imperatoris
816 3299 1080 3359 senatus
1136 3292 1363 3358 certior
1411 3290 1512 3375 fit,
1573 3294 1681 3375 qui
1724 3294 1922 3376 legati
1966 3299 2032 3361 et
2072 3291 2299 3375 quibus
2342 3311 2484 3358 cum
2526 3292 2851 3360 mandatis

357 3403 442 3470 de
484 3421 646 3487 pace
681 3402 949 3467 Romam
992 3400 1304 3484 veniant?
1350 3402 1512 3473 (Liv.
1544 3402 1865 3485 XXXIII,
1898 3402 2031 3487 24).
2074 3439 2159 3447 —
2203 3403 2303 3468 De
2345 3422 2507 3487 pace
2548 3422 2703 3469 vero
2746 3423 2854 3470 ve-

356 3512 609 3579 nientes
665 3510 864 3594 legati
921 3510 976 3577 si
1017 3531 1149 3575 una
1191 3531 1333 3577 cum
1376 3513 1683 3579 Romanis
1726 3513 1961 3596 legatis
2004 3512 2299 3597 veniunt,
2360 3512 2610 3579 senatui
2656 3519 2855 3579 antea

357 3623 442 3689 de
483 3642 695 3688 rerum
740 3618 1118 3687 condicione
1160 3621 1244 3686 ab
1286 3620 1366 3686 iis
1405 3622 1770 3704 ⁴expositum
1816 3642 1994 3704 esse,
2038 3642 2156 3706 per
2199 3642 2271 3689 se
2312 3625 2568 3707 patet0).
2658 3624 2853 3689 Deni-

356 3750 480 3815 que
523 3731 578 3797 si
621 3731 1007 3815 imperatore
1049 3731 1339 3796 Romano
1355 3778 1373 3812 ,
1421 3751 1689 3814 quocum
1735 3732 1975 3797 bellum
2018 3741 2275 3817 gerant,
2329 3733 2532 3799 inscio
2575 3733 2853 3799 hostium

354 3843 553 3925 legati
596 3841 680 3908 de
714 3860 876 3925 pace
903 3841 1172 3905 Romam
1204 3839 1703 3923 proficiscuntur,
1749 3848 1961 3907 tamen
2004 3842 2351 3909 verisimile
2398 3848 2513 3924 est,
2559 3844 2849 3909 nuntium

354 3959 550 4018 antea
592 3952 861 4017 Romam
904 3949 1136 4032 afferri,
1181 3967 1294 4017 eos
1338 3950 1476 4017 urbi
1517 3949 2053 4035 appropinquare.

497 4214 548 4278 1)
581 4210 698 4266 Liv.
735 4209 1012 4278 XXXVII,
1049 4214 1133 4265 45.
1309 4212 1361 4276 2)
1397 4206 1642 4279 Thucyd.
1677 4210 1722 4272 Ι,
1756 4213 1840 4263 53.
1889 4207 2134 4278 Pois-IV,
2172 4215 2252 4265 72.
2299 4210 2553 4267 Eustath.
2590 4212 2660 4267 ad
2692 4212 2850 4267 Iliad.

356 4303 406 4369 I,
451 4319 506 4372 p.
541 4307 624 4357 83.
692 4302 974 4357 Demosth.
1011 4301 1078 4356 de
1125 4302 1246 4358 fals.
1291 4301 1391 4371 leg.
1438 4318 1492 4371 p.
1530 4306 1646 4370 392,
1686 4308 1767 4356 15.
1836 4319 1885 4356 v.
1922 4302 2299 4359 Wachsmuthi
2348 4304 2434 4359 ius
2476 4310 2619 4373 gent.
2656 4304 2851 4363 Graec.

355 4413 408 4467 p.
446 4402 530 4452 46.
705 4398 758 4462 3)
803 4393 919 4449 Liv.
953 4393 1132 4462 XXII,
1165 4400 1248 4451 61.
1387 4400 1440 4460 4)
1483 4395 1614 4451 San.
1652 4396 1765 4464 lug.
1800 4400 1883 4449 28.
2038 4400 2090 4461 5)
2136 4395 2255 4451 Liv.
2290 4396 2439 4464 Vm,
2478 4404 2524 4452 1.
2576 4396 2645 4465 X,
2682 4403 2730 4453 5.
2768 4402 2849 4453 37.

355 4488 532 4558 XXX,
572 4494 634 4545 16
673 4504 758 4570 sq,
805 4485 1034 4555 XXXII,
1077 4492 1160 4543 36.
1219 4486 1476 4541 XXXIII.
1513 4493 1606 4543 24.
1668 4486 1923 4551 XXXVI,
1958 4492 2040 4543 27.
2076 4492 2159 4543 28.
2196 4494 2279 4545 35.
2328 4490 2609 4558 XXXVII,
2642 4496 2725 4546 45.
2762 4496 2849 4547 52.

355 4582 662 4651 XXXVIII,
697 4586 749 4635 8.
797 4579 915 4641 XL,
951 4583 1035 4634 34.
1082 4578 1255 4649 XLII,
1291 4586 1372 4636 48.
1424 4598 1474 4635 v.
1508 4582 1727 4651 Langii:
1763 4582 1830 4636 R.
1854 4582 1920 4634 A.
1957 4582 2051 4645 11²,
2087 4588 2189 4639 403
2214 4598 2295 4653 sq.
2432 4589 2484 4650 6)
2520 4585 2634 4640 Liv.
2672 4584 2845 4652 XXX,

357 4680 442 4731 21.
494 4674 721 4738 XXXII,
757 4677 838 4728 36.
891 4671 1146 4740 XXXIII,
1183 4677 1265 4727 24.
1319 4672 1596 4740 XXXVII,
1631 4679 1716 4729 49.
1752 4680 1833 4729 52.
1882 4674 2189 4743 XXXVIII,
2232 4681 2309 4730 10.
