3400 5300
1329 348 1747 408 -17-

291 512 464 579 neris
505 511 770 578 foedera
811 511 1104 577 civitates
1147 531 1471 595 regesque,
1518 531 1658 578 cum
1687 513 2173 596 intellexissent,
2217 517 2641 581 Romanorum
2670 536 2783 600 po-

294 628 590 689 testatem
651 641 792 688 esse
847 625 1094 687 tantam
1109 669 1126 704 ,
1186 628 1463 706 quantae
1516 641 1630 706 pro
1687 623 1930 691 viribus
1974 624 2219 707 exiguis
2261 627 2557 692 resistere
2600 626 2779 692 nullo

293 731 483 797 modo
526 737 810 815 possent,
856 750 998 796 cum
1025 732 1330 798 Romanis
1371 752 1488 799 sua
1531 739 1761 815 sponte
1802 733 2125 800 faciebant
2167 753 2369 819 eoque
2410 735 2533 800 icto
2581 754 2617 800 e
2651 734 2781 801 foe-

296 839 465 907 deris
506 839 720 906 verbis
761 840 967 924 liberi,
1013 861 1082 907 re
1124 862 1281 909 vera
1324 842 1421 908 sui
1463 843 1619 908 iuris
1662 863 1793 908 non
1838 850 2037 911 erant.

466 949 535 1016 O.
580 949 914 1024 Dediti01).

466 1059 536 1128 Si
593 1079 745 1126 vero
801 1060 942 1142 quis
998 1061 1274 1145 populus
1327 1062 1394 1126 in
1452 1062 1626 1128 bello
1685 1081 1825 1127 cum
1883 1062 2121 1146 populo
2164 1063 2452 1128 Romano
2496 1061 2779 1145 gerendo

296 1190 424 1235 non
469 1189 586 1236 sua
628 1175 859 1253 sponte
901 1171 1095 1237 armis
1141 1169 1536 1252 discesserat,
1583 1170 1699 1238 sed
1743 1172 1808 1236 vi
1852 1169 2173 1254 cogendus
2200 1171 2407 1238 fuerat
2441 1172 2526 1238 ad
2555 1191 2780 1255 pacem

293 1277 688 1360 faciendam,
747 1299 862 1363 per
919 1279 1308 1347 deditionem
1366 1281 1432 1346 in
1489 1279 1679 1347 fidem
1737 1281 1958 1365 populi
2014 1282 2288 1347 Romani
2352 1283 2653 1349 veniebat
2718 1290 2782 1348 et

295 1388 619 1456 acerrimis
677 1390 926 1472 legibus
981 1391 1347 1471 tenebatur,
1413 1410 1602 1473 quam
1648 1390 2085 1456 condicionem
2142 1398 2436 1458 accurate
2502 1393 2780 1475 explicat

295 1499 522 1583 Polyb.
568 1496 811 1581 XXVI,
859 1503 897 1563 2
954 1501 1168 1566 verbis
1224 1502 1352 1566 his:
1407 1494 1499 1565 ‘oi
1550 1498 1672 1584 γὰρ
1736 1497 2027 1577 διδόντες
2072 1495 2309 1577 αὗτοῦς
2354 1499 2447 1577 εἷς
2490 1499 2605 1588 τὴν
2644 1495 2781 1565 Ῥω-

295 1613 510 1688 μαίων
569 1607 939 1694 ἐπιτροπὴν
999 1608 1262 1675 διδόασι
1310 1611 1578 1695 πρῶτον
1620 1609 1738 1692 μὲν
1780 1607 1997 1693 χώραν
2040 1606 2156 1692 τήν
2201 1603 2623 1693 ὑπάρχουσαν
2663 1603 2781 1675 αὗ-

297 1719 440 1794 τοῖς
481 1714 593 1783 καὶ
635 1716 868 1796 πόλεις
910 1717 1028 1796 τὰς
1075 1718 1140 1786 ἒν
1184 1717 1404 1805 ταύτῃ,
1453 1719 1571 1787 σὺν
1618 1719 1689 1786 δὲ
1730 1718 1992 1797 τούτοις
2035 1716 2279 1805 ἄνδρας
2320 1718 2431 1785 καὶ
2472 1729 2779 1804 γυναῖκας

294 1826 450 1904 τοὺς
507 1824 924 1913 ὑπάρχοντας
979 1827 1046 1896 ἐν
1104 1832 1182 1917 τῇ
1236 1829 1417 1916 χώρᾳ
1473 1831 1580 1895 καὶ
1632 1838 1781 1906 ταῖς
1822 1827 2098 1898 πόλεσιν
2142 1824 2473 1908 ἅπαντας,
2535 1823 2781 1912 ὁμοίως

295 1936 670 2020 ποταμούς,
730 1939 1029 2021 λιμένας,
1090 1937 1261 2025 ἱερά,
1326 1938 1613 2025 τάφους,
1675 1939 2044 2029 συλλήβδην
2088 1936 2261 2006 ὥστε
2303 1938 2571 2005 πάντων
2614 1932 2783 2005 εἶναι

295 2052 558 2130 κυρίους
594 2042 965 2132 Ῥωμαίους,
1012 2043 1249 2128 αὐτοὺς
1294 2050 1367 2118 δὲ
1409 2049 1563 2128 τοὺς
1604 2049 1909 2128 διδόντας
1953 2045 2185 2128 ἅπλῶς
2220 2047 2447 2138 μηκέτι
2483 2048 2779 2134 μηδενός.

293 2159 524 2241 Itaque
565 2167 857 2244 apparet,
903 2160 1236 2228 dediticios
1278 2181 1405 2227 non
1453 2162 1658 2228 solum
1700 2182 1832 2228 non
1875 2161 2111 2228 liberos
2154 2161 2379 2242 fuisse,
2425 2160 2539 2226 sed
2584 2161 2777 2231 etiam

294 2271 728 2336 Romanorum
771 2272 1086 2338 voluntati
1129 2279 1450 2354 tamquam
1495 2291 1717 2338 servos
1759 2272 2098 2339 subiectos·

443 2496 488 2550 1)
524 2507 572 2544 v.
610 2490 821 2560 Paulyi:
872 2490 1209 2560 Realencycl.
1247 2493 1286 2544 t.
1326 2489 1396 2555 H,
1424 2463 1495 2560 'p.
1531 2493 1647 2544 888.
1720 2488 1940 2556 Langii:
1990 2488 2143 2544 Rem.
2179 2489 2410 2545 Alterth.
2445 2489 2513 2554 1³,
2564 2491 2665 2544 324
2701 2503 2780 2556 sq.

296 2583 522 2652 Voigtii:
571 2583 670 2638 das
702 2583 788 2638 ius
827 2583 978 2638 civile
1012 2590 1052 2638 t.
1088 2583 1186 2649 111,
1221 2601 1275 2653 p.
1315 2588 1432 2638 265.
