3400 5300
1329 278 1751 341 ..67-

299 444 610 515 sociorum
665 465 768 512 res
823 431 1222 513 ordinantem
1278 444 1510 528 legatis
1555 444 1856 528 scriptum
1878 447 1920 519 ¹)
1976 449 2181 510 sctum
2228 443 2381 511 dare
2425 465 2782 516 consuesse.

300 560 527 645 Itaque
572 558 654 623 de
695 556 1186 622 Tarentinorum
1241 557 1430 623 rebus
1485 555 1721 621 factum
1778 559 1878 620 est
1920 574 1979 619 a.
2028 558 2298 632 5461208
2342 563 2546 622 sctum
2590 559 2656 623 in
2699 560 2783 624 Μ’

291 669 490 736 Acilii
546 667 928 735 sententiam
987 667 1152 747 (Liv.
1197 665 1486 747 XXVII,
1533 669 1674 749 25),
1730 671 1801 730 ut
1856 663 2162 750 oppidum
2218 667 2540 750 praesidio
2581 675 2785 735 custo-

304 780 558 862 diretur,
617 779 951 844 Tarentini
1007 796 1227 844 omnes
1283 778 1454 843 intra
1508 777 1764 843 moenia
1820 775 2315 860 continerentur,
2377 797 2483 844 res
2536 780 2787 863 integra

300 897 526 976 postea
566 889 922 972 referretur,
967 909 1111 955 cum
1152 888 1382 955 Italiae
1423 893 1624 955 status
1665 886 2071 970 tranquillior
2113 895 2302 954 esset.
2373 889 2589 974 Lyciis
2631 910 2785 957 vero

301 1003 546 1068 Romae
615 1021 676 1066 a.
745 1002 1016 1078 5761178
1084 999 1494 1083 querentibus
1562 997 2001 1064 crudelitatem
2065 997 2485 1081 Rhodiorum,
2560 1001 2789 1083 quibus

301 1111 588 1178 attributi
631 1116 833 1192 erant,
877 1116 1166 1177 senatum
1208 1109 1295 1176 ad
1340 1129 1450 1176 eos
1491 1109 1737 1176 litteras
1750 1110 1795 1186 ²)
1842 1107 2117 1191 dedisse,
2161 1109 2298 1174 Pol.
2342 1104 2584 1194 XXVI,
2634 1119 2670 1180 7
2725 1118 2789 1179 et

303 1221 444 1288 Liv.
474 1220 650 1302 XLI,
675 1223 712 1284 7
745 1226 1027 1286 narrant.
1095 1222 1313 1288 Sctum
1344 1226 1558 1287 autem
1590 1219 1671 1286 de
1699 1219 2005 1304 Hispanis
2033 1217 2266 1284 factum
2298 1226 2397 1287 est
2424 1241 2481 1287 a.
2515 1225 2781 1299 5831171

305 1331 713 1415 querentibus
771 1329 852 1397 de
894 1331 1371 1414 magistratibus
1415 1311 1721 1396 Romanis
1735 1381 1752 1412 ,
1812 1349 1895 1396 ne
1936 1329 2233 1397 frumenti
2276 1332 2787 1399 aestimationem

303 1441 715 1524 magistratus
759 1442 1026 1508 haberet
1061 1461 1224 1509 neve
1253 1447 1509 1525 cogeret
1536 1442 1877 1508 vicesimas
1908 1441 2187 1508 vendere
2216 1441 2540 1526 Hispanos
2569 1443 2790 1524 quanti

305 1552 446 1636 ipse
489 1550 688 1618 vellet
728 1571 822 1634 sq.
868 1553 1033 1625 (Liv.
1078 1551 1319 1635 XLIII,
1364 1555 1448 1631 2).
1492 1587 1576 1598 —
1633 1551 1867 1617 Rhodii
1910 1558 2123 1619 autem
2166 1559 2366 1618 sctum
2410 1573 2468 1619 a.
2517 1556 2787 1630 5911163

305 1663 823 1747 impetraverunt,
870 1682 994 1745 quo
1025 1661 1357 1747 Calyndae
1398 1661 1574 1727 urbis
1617 1663 1943 1746 possessio
1986 1663 2065 1728 iis
2094 1661 2465 1730 confirmata
2500 1670 2600 1730 est
2628 1664 2789 1740 (Pol.

306 1772 568 1855 XXXI,
633 1776 729 1838 16.
793 1776 913 1851 17).
1017 1772 1149 1840 Sed
1195 1771 1584 1858 Charopem,
1643 1793 1785 1839 cum
1840 1775 2109 1840 Romam
2164 1793 2223 1840 a.
2269 1776 2543 1851 5941160
2598 1773 2793 1840 adve-

307 1885 524 1967 nisset,
571 1890 1027 1967 senatoresque
1069 1885 1289 1966 aperte
1332 1885 1606 1968 pecunia
1647 1890 2067 1969 oppugnaret,
2112 1890 2183 1950 ut
2224 1891 2425 1950 sctum
2454 1884 2792 1969 acciperet,

308 2015 432 2078 quo
476 1994 722 2076 omnia,
768 2014 931 2077 quae
971 1995 1112 2079 ipse
1155 1992 1520 2061 foedissime
1560 1994 1630 2058 in
1673 1994 1870 2078 Epiro
1914 1993 2188 2078 fecisset,
2234 1996 2795 2079 comprobarentur

305 2103 472 2190 (Pol.
517 2103 795 2187 XXXII,
842 2101 977 2189 22⁸)
994 2152 1010 2185 ,
1056 2112 1314 2172 senatus
1356 2123 1565 2189 paene
1607 2103 1748 2171 sine
1789 2124 2095 2189 responso
2141 2105 2399 2172 dimisit.
2486 2106 2611 2186 Qui
2651 2127 2794 2172 cum

308 2236 473 2306 quae
501 2215 698 2282 vellet
739 2235 868 2282 non
911 2221 1240 2282 assecutus
1285 2222 1473 2294 esset,
1517 2217 1658 2300 ipse
1702 2222 1904 2282 sctum
1948 2216 2303 2300 composuit
2341 2216 2791 2300 adulterinum,

306 2333 377 2392 ut
433 2326 677 2392 civibus
730 2324 1054 2392 videretur
1116 2332 1378 2393 senatus
1440 2326 1726 2392 facinora
1780 2325 2093 2410 Charopis
2156 2327 2627 2411 comprobasse.
2714 2327 2800 2392 At

308 2435 681 2503 Alexander
736 2442 802 2503 et
854 2435 1135 2514 Laodice
1151 2485 1168 2520 ,
1225 2436 1338 2501 filii
1393 2436 1691 2503 Antiochi
1746 2438 2177 2503 Romanorum
2232 2437 2422 2520 socii,
2481 2443 2686 2518 sctum
2737 2423 2829 2504 a(

309 2551 582 2626 6021152
627 2547 1133 2633 impetraverunt
1169 2548 1329 2627 (Pol.
1360 2547 1678 2630 XXXIII,
1718 2551 1841 2630 16),
1889 2568 2011 2631 quo
2056 2554 2316 2616 senatus
2363 2568 2492 2630 eos,
2536 2548 2595 2614 si
2638 2568 2797 2632 opus

309 2665 514 2743 esset,
569 2658 929 2726 adiuturum
987 2678 1134 2727 esse
1187 2657 1274 2725 ad
1333 2678 1598 2743 regnum
1653 2666 1990 2745 paternum
2044 2659 2550 2743 recuperandum
2615 2660 2801 2744 polli-

307 2772 471 2838 citus
513 2776 629 2838 est.

478 2880 672 2966 Apud
715 2880 1059 2965 Iosephum
1101 2901 1254 2948 vero
1297 2880 1498 2946 multa
1541 2886 1764 2947 extant
1806 2887 1941 2947 scta
1985 2878 2067 2947 de
2094 2880 2354 2949 Iudaeis
2396 2882 2587 2964 facta,
2635 2902 2799 2965 quae

312 2990 870 3059 Mendelssohnius
912 3012 1116 3077 nuper
1159 3012 1347 3075 quam
1382 2991 1855 3057 accuratissime
1885 3009 1922 3056 e
1950 2996 2305 3075 temporum
2336 2992 2561 3067 ordine
2592 2994 2800 3079 dispo-

309 3104 438 3171 suit
478 3110 544 3170 et
587 3102 927 3169 enarravit.
991 3088 1176 3168 Inter'
1211 3121 1374 3185 quae
1417 3102 1538 3167 hoc
1580 3101 1721 3166 loco
1764 3100 2108 3168 afferamus
2151 3108 2351 3167 sctum
2397 3124 2457 3169 a.
2503 3107 2798 3187 6211133,

313 3236 439 3299 quo
493 3212 845 3279 Antiochus
903 3211 1028 3277 VII
1083 3214 1432 3296 Euergetes
1485 3211 1739 3279 Sidetes
1784 3210 2013 3295 Syriae
2068 3232 2183 3278 rex
2234 3212 2509 3279 Iudaeos
2563 3235 2803 3282 vexare

313 3331 567 3393 vetatur
610 3323 758 3401 (Ios.
803 3323 880 3388 A.
925 3323 977 3387 I.
1021 3323 1208 3404 XIII,
1253 3325 1314 3405 9,
1363 3327 1420 3387 2.
1487 3321 1966 3388 Mendelssohni
2011 3323 2053 3387 l.
2100 3344 2151 3390 s.
2190 3327 2307 3387 129
2338 3324 2483 3409 sq.),
2529 3326 2801 3392 alterum

315 3435 604 3504 eiusdem
632 3434 790 3512 anni
817 3454 939 3515 quo
970 3434 1324 3500 Antiochus
1351 3431 1610 3499 Iudaeis
1639 3439 1861 3516 erepta
1890 3425 2159 3499 reddere
2188 3434 2443 3501 iubetur
2473 3437 2622 3511 (Ios.
2647 3438 2725 3503 A.
2750 3440 2803 3503 Ι.

315 3546 492 3628 XIV,
544 3550 641 3628 10,
690 3547 792 3609 22.
853 3542 1332 3610 Mendelssohni
1375 3545 1420 3608 l.
1463 3564 1515 3610 s.
1560 3565 1623 3627 p.
1661 3548 1779 3615 135
1811 3547 1949 3627 sq.).
2011 3544 2306 3612 Caesaris
2348 3565 2501 3612 vero
2546 3546 2803 3615 decreta

315 3658 464 3735 (Ios.
494 3655 572 3721 A.
603 3656 654 3721 I.
685 3654 862 3737 XIV,
900 3658 997 3737 10,
1030 3656 1145 3730 2³).
1189 3653 1361 3737 XIV,
1399 3658 1496 3736 10,
1529 3659 1586 3737 5,
1620 3658 1678 3720 6.
1725 3654 2210 3722 Mendelssohni
2239 3655 2281 3720 l.
2314 3675 2364 3721 s.
2395 3678 2459 3740 p.
2490 3660 2609 3722 192
2638 3663 2802 3742 sqq.)

317 3788 379 3831 a.
421 3769 645 3845 707147
692 3765 774 3832 de
817 3764 1200 3831 Iudaeorum
1243 3765 1434 3831 rebus
1477 3764 1668 3829 latius
1711 3763 2040 3847 fusiusque
2084 3764 2513 3832 discernentia
2556 3766 2805 3836 duobus

477 3930 525 3993 1)
574 3926 712 3979 Item
761 3926 1112 3995 imperatores
1157 3924 1430 3980 Romanos
1476 3923 1543 3979 de
1591 3923 1860 3979 sociorum
1904 3926 2068 3981 rebus
2112 3926 2261 3996 apud
2304 3942 2397 3982 eos
2440 3926 2805 3985 discernentes

319 4020 608 4090 epistulam
653 4019 726 4074 ad
773 4034 866 4074 eos
912 4017 1152 4086 dedisse,
1199 4035 1230 4074 e
1274 4017 1565 4073 Flaminini
1611 4018 1847 4075 consulis
1894 4019 2129 4088 epistula
2162 4019 2233 4074 ad
2269 4019 2603 4089 Cyretienses
2638 4023 2804 4078 missa

319 4131 368 4169 a.
407 4115 626 4183 5561198
653 4116 729 4153 ’-
763 4113 827 4168 ut
857 4126 1028 4166 unum
1064 4112 1363 4181 exemplum
1397 4110 1618 4166 afferam
1655 4142 1719 4151 --
1753 4116 1994 4181 apparet.
2168 4116 2220 4179 2)
2270 4113 2392 4168 Huc
2426 4114 2696 4183 pertinent
2727 4115 2803 4170 M.

323 4206 550 4262 Antonii
581 4206 797 4261 litterae
832 4205 906 4261 ad
925 4205 1119 4275 Tyrios
1153 4205 1349 4259 missae
1381 4204 1448 4260 de
1479 4204 1766 4261 reddendis
1802 4206 1880 4261 eis
1915 4220 2053 4275 quae
2084 4205 2299 4261 Iudaeis
2334 4207 2644 4275 eripuerant
2678 4208 2805 4274 (Ios.

324 4300 475 4366 XIV,
494 4301 559 4354 A.
579 4300 623 4353 1.
650 4304 730 4366 12,
745 4303 798 4352 4.
832 4316 880 4353 v.
899 4297 1302 4354 Mendelssohni
1333 4299 1371 4354 l.
1407 4314 1451 4353 s.
1486 4315 1540 4367 p.
1561 4303 1659 4354 260
1683 4303 1783 4368 sq.)
1819 4303 1874 4354 et
1903 4299 2147 4355 Caesaris
2182 4299 2455 4373 decretum
2486 4302 2542 4355 in
2580 4302 2810 4371 epistula

321 4393 394 4453 ad
428 4392 680 4448 Sidonios
715 4393 846 4447 data
878 4392 1148 4447 inclusum
1183 4392 1250 4448 de
1283 4392 1540 4464 Hyrcano
1577 4394 1797 4461 eiusque
1838 4393 1961 4448 111113
2006 4392 2133 4458 (Ios.
2168 4392 2236 4446 A.
2271 4393 2313 4447 I.
2348 4392 2496 4462 XIV,
2534 4398 2613 4461 10,
2650 4399 2698 4450 2.
2758 4412 2809 4451 v.

319 4485 726 4541 Mendelssohni
757 4486 794 4539 l.
830 4502 874 4540 s.
909 4502 966 4555 p.
1009 4489 1104 4540 192
1140 4490 1255 4555 sq).
1395 4490 1446 4551 3)
1492 4486 1630 4540 Sunt
1662 4491 1843 4541 autem
1876 4488 1991 4541 eius
2027 4486 2231 4541 decreti
2263 4490 2427 4544 verba
2459 4487 2596 4543 haec
2630 4487 2807 4558 digna,

321 4595 462 4650 quae
505 4578 886 4635 adscribantur
935 4574 1219 4650 <βούλομαι
1271 4579 1330 4633 δὲ
1379 4580 1471 4633 καὶ
1521 4577 1789 4644 ἑλληνιστὶ
1838 4579 1931 4632 καὶ
1984 4580 2256 4651 ῥωμαϊστὶ
2306 4579 2367 4643 ἐκ
2420 4579 2586 4634 δέλτω
2635 4582 2808 4653 χαλκῇ

321 4677 484 4727 τοῦτο
521 4668 898 4738 ἀνατεθῆναιιῖ

407 4773 414 4780 .
2330 4761 2403 4814 5*
