3400 5300
1337 273 1761 349 „554

475 448 537 520 d.
581 449 873 537 Denique
913 452 1214 536 scriptum
1253 462 1507 518 senatus
1550 453 1893 518 consultum
1932 474 2059 520 non
2086 454 2388 520 dabatur.-

472 586 535 630 α.
579 563 802 647 legatis
841 564 1063 626 socizk:

477 678 533 739 1.
599 693 862 759 quorum
921 675 1168 742 auwilia
1219 675 1306 738 ad
1343 674 1566 739 bellum
1610 676 1880 740 Romam
1923 675 2119 740 allata
2158 697 2281 741 non
2327 676 2791 762 accipiebantur

599 790 684 864 (v.
727 806 791 869 p.
835 790 918 851 40
964 786 1029 861 (1)

472 898 532 960 2.
599 894 818 982 quibus
849 895 1204 980 petentibus
1243 918 1368 961 non
1408 896 1811 982 satisfiebaffl)

471 1010 530 1072 3.
596 1008 712 1092 qui
745 1008 1020 1090 suspecti
1057 1017 1244 1072 erant
1283 1014 1367 1088 (v.
1412 1030 1478 1093 p.
1523 1013 1603 1075 33
1634 1011 1819 1093 sqq.).

467 1121 531 1199 β.
573 1117 812 1200 'leyatis
853 1116 930 1180 de
963 1139 1128 1202 pace
1175 1119 1558 1204 petentibuS,
1617 1121 1735 1206 qui
1776 1139 1995 1204 pacem
2050 1139 2174 1184 non
2228 1121 2649 1206 impetrabant
2701 1125 2787 1201 (v.

297 1249 360 1312 p.
407 1231 487 1294 33
531 1233 714 1311 sqq.).

468 1337 708 1406 Omnes
749 1345 964 1407 autem
1007 1339 1054 1404 ii
1097 1339 1323 1426 legati,
1349 1342 1598 1426 ‘quibus
1639 1347 1903 1411 senatus
1944 1343 2300 1409 consultum
2343 1363 2473 1408 non
2518 1341 2790 1408 dabatur

297 1451 418 1518 rite
472 1451 888 1535 compositum
903 1499 921 1534 ,
988 1450 1234 1519 dimissi
1289 1459 1504 1536 erant,
1562 1459 1896 1537 postquam
1951 1453 2020 1517 in
2076 1453 2221 1538 ipsa
2263 1453 2439 1520 ouria
2482 1473 2793 1537 responsa

297 1568 680 1646 acceperunt
721 1568 787 1629 et
828 1583 872 1628 a
911 1568 1252 1646 quaestore
1292 1583 1592 1646 munera,
1653 1583 1819 1647 quae
1864 1571 2125 1631 senatus
2166 1565 2249 1630 iis
2289 1563 2604 1630 mittenda
2648 1583 2791 1632 esse

297 1679 660 1770 censuerat,
711 1673 792 1740 iis
834 1681 984 1740 sunt
1024 1675 1334 1758 praebita.
1424 1674 1586 1758 Sed,
1633 1674 1925 1757 quamvis
1969 1693 2079 1741 eos
2120 1694 2252 1740 non
2296 1681 2551 1742 coactos
2593 1675 2789 1742 fuisse

295 1789 523 1867 postea
562 1783 732 1851 illico
774 1785 998 1851 urbem
1044 1785 1338 1852 deserere
1381 1804 1418 1851 e
1447 1785 1582 1850 Pol.
1614 1785 1833 1867 XXX,
1865 1790 1906 1849 4
1948 1789 2262 1870 appareat
2305 1791 2523 1852 tamen
2563 1805 2681 1870 per
2716 1806 2788 1853 se

259 1929 264 1934 ·
294 1900 493 1978 patet,
537 1895 782 1978 legatos
825 1916 1018 1979 quam
1061 1895 1392 1963 celerrime
1435 1877 1745 1980 responsa
1789 1896 2049 1962 domum
2091 1895 2274 1962 ferre.
2599 1882 2604 1894 ’

841 2081 944 2135 .B.
999 2081 1290 2150 Legatis
1337 2081 1542 2136 (latur
1588 2079 2209 2150 sotum-scriptum.

465 2202 932 2282 Quaerentibus
986 2203 1174 2269 nobis
1187 2251 1205 2286 ,
1261 2209 1470 2268 utrum
1524 2202 1755 2286 legatis
1805 2203 1873 2271 in
1917 2202 2157 2268 curiam
2201 2201 2481 2269 reductis
2524 2210 2785 2273 senatus

294 2314 651 2379 consultum
713 2334 756 2378 a
817 2314 1197 2397 magistratu
1251 2314 1337 2380 sit
1391 2313 1727 2381 recitatum
1787 2320 2137 2397 posteaque
2201 2311 2323 2380 rite
2386 2313 2689 2398 scriptum
2743 2335 2786 2385 a

293 2429 629 2506 quaestore
693 2423 910 2490 datum
976 2444 1210 2508 necne,
1275 2425 1547 2509 primum
1610 2422 2043 2508 inspiciendas
2109 2441 2251 2491 esse
2314 2412 2784 2510 inscriptiones,

293 2533 528 2600 deinde
570 2535 845 2618 vestigia
901 2542 967 2600 et
1020 2536 1436 2619 fragmenta2)
1493 2541 1767 2603 sotorum
1824 2532 1999 2618 apud
2046 2533 2385 2618 scriptores
2428 2536 2781 2608 extantium

290 2664 433 2713 esse
476 2646 957 2731 perscrutanda,
1005 2645 1282 2730 (lenique
1323 2646 1636 2717 nonnulla
1678 2643 2045 2713 testimonia
2087 2642 2341 2727 singula
2384 2643 2467 2712 de
2509 2646 2783 2713 occasio-

290 2756 512 2840 nibus,
575 2758 806 2847 quibus
851 2763 988 2825 scta
1032 2756 1170 2822 dari
1213 2758 1500 2839 soleant,
1561 2776 1703 2824 esse
1746 2753 2240 2841 perpendenda,
2297 2774 2485 2821 nemo
2532 2762 2632 2823 est
2674 2757 2783 2840 qui

290 2874 501 2951 neget.
565 2867 810 2947 Quibus
841 2868 1132 2935 omnibus
1163 2867 1547 2934 testimoniis
1591 2868 1759 2936 inter
1804 2887 1875 2935 se
1904 2866 2157 2933 collatis
2188 2866 2399 2935 senati
2428 2868 2722 2936 consulta
2735 2869 2779 2947 ³)

289 2976 526 3063 scripta
568 2976 723 3043 data
767 2997 913 3048 esse
954 2978 1253 3045 videntur
1295 2976 1767 3046 conditionibus
1810 2977 1935 3045 his.

930 3162 1210 3232 Legatis
1257 3162 1461 3219 datur
1501 3162 1835 3235 scriptum
1886 3163 2132 3217 sctum:

455 3304 516 3353 a.
573 3286 776 3349 mzksis
817 3306 856 3349 a
888 3286 1162 3371 populis,
1211 3284 1565 3375 quibuscum
1606 3283 1997 3371 hospitium⁴)
2042 3292 2149 3347 aut
2184 3282 2433 3367 foedus
2448 3284 2492 3361 ⁵)
2544 3282 2629 3369 fit
2680 3287 2781 3350 vel

285 3406 643 3461 renovatur.

427 3569 474 3632 1)
507 3564 623 3620 Pel.
659 3562 886 3633 XXXII,
923 3570 1002 3621 37.
1057 3560 1311 3632 XXXIII,
1353 3574 1395 3632 1,
1439 3570 1514 3621 13.
1569 3565 1684 3621 Liv.
1718 3563 1925 3633 XXIII,
1956 3568 2037 3620 20.
2092 3562 2322 3634 XXXII,
2358 3569 2405 3621 2.
2443 3570 2490 3619 8.
2535 3564 2651 3631 XL,
2690 3571 2774 3621 53.

283 3659 427 3728 App.
463 3659 585 3717 bell.
621 3659 719 3713 cir.
757 3660 809 3726 I,
861 3664 944 3714 39.
1117 3664 1169 3727 2)
1220 3654 1484 3729 Imprimis
1532 3660 1859 3715 nominanda
1906 3662 1991 3713 est
2040 3660 2145 3716 hoc
2200 3660 2321 3713 loco
2370 3658 2775 3714 Mendelssohni

284 3752 581 3821 disputatio
627 3768 790 3823 quam
836 3752 1242 3809 accuratissime
1289 3753 1589 3823 composita
1633 3753 1703 3808 de
1750 3756 1973 3807 senatus
2009 3752 2267 3808 consultis
2302 3751 2452 3822 apud
2484 3752 2775 3821 Iosephnm

283 3846 536 3913 servatis,
586 3862 724 3916 quae
771 3845 917 3901 edita
950 3852 1036 3902 est
1067 3846 1126 3900 in
1160 3848 1283 3901 Act.
1320 3862 1430 3902 soc.
1466 3846 1647 3916 philol.
1684 3846 1835 3916 Lips.
1870 3852 1909 3901 t.
1944 3846 2010 3903 V.
2186 3851 2235 3907 3)
2282 3844 2387 3900 Sed
2420 3844 2538 3899 fieri
2579 3846 2774 3915 potuit,

281 3942 348 3995 ut
397 3954 508 3997 non
559 3939 738 4009 ipsum
789 3946 966 3996 sctum
1013 3940 1234 3995 daretur
1279 3941 1376 3996 sed
1417 3942 1720 3996 mitteretur
1774 3940 2006 4011 epistula
2052 3940 2289 3998 consulis
2341 3944 2437 3994 aut
2488 3940 2774 4009 praetoris.

282 4032 419 4086 Oum
457 4048 584 4088 vero
619 4038 806 4089 notum
840 4035 936 4101 sit,
989 4035 1151 4089 talem
1185 4035 1472 4103 epistulam
1505 4036 1582 4089 ita
1617 4050 1738 4090 esse
1770 4034 1997 4100 factam,
2047 4042 2109 4089 ut
2154 4034 2344 4089 consul
2385 4034 2509 4102 ipsa
2550 4041 2773 4089 senatus

282 4128 448 4182 verba
479 4128 739 4182 retineret
771 4144 946 4197 neque
979 4128 1084 4183 nisi
1117 4130 1416 4184 orationem
1450 4132 1788 4184 converteret
1820 4144 1888 4183 ex
1920 4128 2083 4183 tertia
2123 4144 2355 4198 persona
2388 4128 2444 4182 in
2476 4110 2771 4183 secundani

279 4222 352 4287 (v.
386 4219 706 4276 Mommseni
751 4223 876 4276 adn.
911 4223 983 4277 ad
1015 4225 1173 4293 epist.
1210 4222 1282 4277 ad
1315 4221 1567 4277 Tiburtes
1603 4222 1659 4277 C.
1695 4222 1739 4276 Ι.
1774 4222 1839 4276 L.
1876 4222 1921 4289 Ι,
1956 4231 2029 4276 no
2072 4225 2202 4289 109),
2237 4238 2337 4277 noe
2370 4222 2426 4276 in
2461 4222 2770 4278 universum

279 4313 398 4369 solo
434 4314 504 4369 de
535 4320 756 4371 senatus
801 4317 1050 4371 consulto
1099 4316 1368 4371 dicimus·
1515 4321 1568 4383 4)
1619 4333 1668 4371 v.
1703 4334 1757 4386 p.
1794 4320 1825 4370 9
1861 4332 1976 4385 sqq.
2047 4316 2101 4369 8.
2142 4316 2197 4370 C.
2234 4316 2301 4371 de
2333 4314 2655 4384 Asclepiade
2686 4330 2767 4384 sq.

281 4408 364 4473 (G.
411 4408 455 4462 1.
501 4408 568 4463 L.
616 4408 668 4476 Ι,
715 4413 850 4479 203).
925 4410 1032 4467 Ios.
1065 4411 1132 4465 A.
1182 4410 1224 4465 I.
1268 4410 1402 4475 ΧΠ,
1443 4415 1524 4476 10,
1569 4416 1600 4466 6
1649 4410 2074 4477 (Mendelssohni
2124 4408 2159 4462 l.
2198 4424 2241 4461 c.
2277 4424 2330 4477 p.
2366 4414 2431 4465 92
2467 4413 2585 4477 sq).
2658 4409 2766 4463 Liv.

279 4500 453 4571 XLII,
495 4506 575 4557 19.
628 4500 824 4571 XLHI,
861 4508 909 4559 6.
963 4503 1158 4571 XLIV,
1198 4508 1277 4559 19.
1339 4504 1484 4559 Suet.
1519 4504 1749 4573 Vespas.
1785 4508 1829 4558 8.
1883 4502 2205 4558 Mommseni
2239 4502 2422 4555 annali
2453 4500 2554 4555 vol.
2589 4499 2766 4571 XXX,

277 4611 334 4665 p.
374 4599 466 4650 181
506 4612 586 4666 sq.
759 4601 813 4665 5)
857 4614 904 4652 v.
939 4614 993 4667 p.
1037 4603 1095 4651 15
1133 4614 1210 4667 sq.
1273 4598 1326 4651 S.
1361 4598 1424 4651 0.
1458 4598 1525 4652 de
1559 4597 1777 4653 foedere
1810 4612 1935 4653 eum
1967 4594 2482 4664 Astypalaeensibus
2514 4594 2763 4651 faciendo

277 4688 359 4757 (o,
396 4690 438 4744 1.
473 4690 540 4745 e.-
578 4689 649 4757 11,
686 4694 860 4759 2485).
927 4690 1044 4747 Pol.
1079 4690 1176 4760 111,
1213 4694 1295 4746 25.
1364 4691 1480 4746 Liv.
1514 4692 1582 4757 11,
1621 4696 1704 4747 33.
1772 4692 1865 4758 tv,
1903 4697 1949 4746 7.
2018 4688 2216 4755 XXVI,
2252 4692 2333 4743 24.
2392 4688 2647 4757 xxxm,
2681 4694 2762 4745 37.

2326 4780 2355 4831 5
