3400 5300
426 495 475 536 a.
527 481 654 536 Non
689 495 809 535 esse
843 474 1078 534 ‘aureos'
1117 478 1504 547 intellegendos
1540 478 1635 533 sed
1670 479 1834 535 siclos
1869 495 2099 550 quorum
2131 478 2520 548 quinquaginta.
2552 477 2748 532 minam

261 573 536 631 efficerent
570 578 638 640 (v.
673 571 1008 628 Boeckhius:
1045 571 1256 626 metrol.
1280 570 1500 626 Unters.
1534 587 1590 641 p,
1626 575 1710 625 53.
1745 572 2045 628 Hultschii:
2082 587 2162 640 gr.
2194 588 2249 626 u.
2284 587 2329 626 r.
2354 571 2515 626 Metr.
2548 588 2601 642 p.
2629 574 2749 636 273)

260 674 323 722 ut
357 683 486 723 sane
520 667 666 722 mille
701 664 858 721 minis
903 665 965 732 (Ι.
1001 663 1178 719 Maec.
1220 668 1300 731 15)
1335 662 1746 734 responderent,
1791 663 2090 719 rectissime
2126 664 2443 733 significavit
2475 663 2749 718 Mendels·

193 791 204 802 .
257 761 480 817 sohnius
515 759 645 827 (Sct.
680 758 836 815 Rom.
871 773 960 827 ap.
991 758 1100 812 Ios.
1136 774 1188 827 p.
1223 761 1352 823 154).

424 854 480 907 b.
534 852 670 906 Cum
701 850 886 920 negari
919 866 1029 904 non
1064 850 1267 919 possit,
1311 851 1449 904 Livii
1483 855 1797 906 contextum
1830 850 2104 905 narrantis
2140 848 2325 918 (XLV,
2362 853 2475 915 25),
2506 847 2749 904 Rhodios

251 961 512 1012 ⁴coronam
543 942 731 1012 viginti
779 941 1004 996 millium
1045 956 1334 998 aureorum
1366 941 1604 1008 misisse,
1657 959 1769 998 non
1802 943 1883 997 ita
1918 948 2232 1012 corruptum
2266 955 2386 997 esse
2420 956 2487 996 ac
2522 940 2749 1012 Polybii,

256 1039 498 1110 plerique
545 1040 869 1092 censuerunt
901 1033 1114 1105 Polybii
1155 1035 1372 1106 μυρίων
1416 1049 1536 1091 esse
1580 1035 1955 1105 corrigendum
1996 1035 2056 1088 in
2091 1033 2405 1104 διςμυρὶων.
2476 1033 2582 1090 Sed
2614 1034 2749 1088 Din-

257 1131 485 1187 dorfium
537 1135 594 1184 et
642 1127 987 1184 Hultschium
1039 1127 1166 1182 huic
1219 1128 1518 1182 sententiae
1567 1129 1867 1184 rectissime
1918 1142 2030 1184 non
2078 1127 2350 1197 plausisse
2403 1127 2498 1183 sed
2550 1127 2751 1197 optime

258 1224 500 1280 tenuisse
557 1221 806 1277 codicum
859 1220 1180 1290 scripturam
1230 1237 1377 1275 nunc
1429 1220 1799 1276 demonstrare
1850 1220 2105 1276 conabor.
2192 1220 2445 1288 Quamvis
2496 1233 2628 1274 sane
2680 1219 2751 1273 sit

260 1315 692 1376 concedendum,
737 1329 859 1369 cum
893 1313 1106 1383 Polybii
1148 1313 1314 1368 verba
1360 1313 1526 1382 magis
1577 1317 1632 1368 et
1677 1315 1894 1383 saepius
1928 1314 2223 1381 depravata
2257 1314 2366 1368 sint
2399 1327 2560 1382 quam
2590 1311 2749 1378 Livii,

259 1412 318 1466 in
352 1409 660 1464 universum
692 1406 976 1462 verisimile
1010 1421 1146 1470 esse,
1182 1421 1214 1460 e
1248 1405 1401 1460 Livio
1438 1405 1720 1476 Polybium
1758 1407 1954 1474 corrigi
1986 1422 2166 1475 posse,
2205 1409 2391 1461 tamen
2426 1407 2750 1462 obscuratur

257 1499 735 1558 verisimilitudinis
761 1501 986 1568 specie8‚
1023 1501 1071 1554 si
1104 1503 1526 1568 perscrutamur,
1564 1514 1726 1565 quam
1758 1501 2097 1569 neglegenter
2115 1498 2301 1554 Livius
2333 1500 2438 1554 hoc
2471 1498 2591 1554 loco
2616 1512 2749 1552 usus

256 1595 330 1650 sit
361 1592 606 1649 fontibus
640 1595 708 1660 (v.
745 1607 913 1663 supra
945 1608 1000 1662 p.
1021 1594 1123 1656 31).
1176 1590 1313 1644 Tres
1348 1589 1488 1644 enim
1522 1589 1698 1646 fontes
1736 1592 1787 1646 ei
1818 1597 2037 1660 praesto
2073 1592 2243 1648 fuisse
2277 1597 2442 1661 atque
2476 1590 2613 1646 adeo
2645 1590 2750 1645 hac

253 1688 314 1742 in
356 1689 514 1758 parte
559 1685 676 1740 sine
722 1685 834 1740 ulla
881 1701 1076 1742 caussa
1107 1684 1266 1740 modo
1302 1683 1408 1739 hoc
1442 1685 1602 1740 modo
1635 1684 1730 1740 illo
1766 1685 2032 1756 scriptore
2064 1684 2147 1738 uti
2180 1683 2391 1739 Livium
2426 1699 2548 1738 cum
2581 1698 2751 1752 supra

261 1786 333 1851 (p.
361 1783 446 1846 31)
483 1777 840 1844 docuerimus,
875 1778 1004 1847 quid
1035 1777 1274 1847 impedit,
1310 1778 1596 1846 quominus
1633 1793 1771 1845 eum,
1808 1792 1916 1845 qua
1949 1777 2022 1832 sit
2052 1761 2251 1832 natura
2285 1783 2351 1845 (v.
2388 1777 2605 1832 Nisseni
2636 1776 2671 1829 1.
2700 1792 2748 1831 c.

256 1890 309 1944 p.
347 1875 614 1938 20—85),
660 1871 919 1926 maiorem
963 1885 1268 1936 numerum,
1319 1886 1478 1940 quem
1518 1871 1648 1938 legit
1692 1871 1751 1925 in
1786 1871 2072 1926 annalibus
2110 1870 2197 1939 (de
2228 1870 2439 1925 ratione
2472 1869 2750 1924 annalium

258 1980 510 2021 numeros
555 1963 615 2018 in
660 1965 835 2019 maius
880 1963 1174 2018 extollendi
1214 1980 1261 2017 v.
1296 1963 1515 2019 Nisseni
1555 1964 1592 2017 l.
1631 1966 1698 2029 c.)
1734 1961 1945 2032 Polybii
1976 1962 2171 2018 minori
2204 1963 2557 2031 praetulisse,
2603 1962 2749 2018 arbi·

256 2058 498 2112 tremur?
544 2055 652 2110 Sed
685 2058 895 2118 accedit
926 2055 1074 2110 aliud
1107 2055 1481 2124 gravissimum
1512 2060 1901 2124 argumentum.
1950 2055 2360 2110 Conferentibus
2396 2057 2539 2112 enim
2572 2055 2749 2122 nobis,

257 2165 400 2220 quae
446 2149 738 2218 scriptores
785 2147 1016 2202 afferant
1061 2147 1130 2201 de
1173 2149 1388 2203 coronis
1434 2164 1469 2203 a
1513 2148 1764 2216 gentibus
1799 2147 2027 2202 Romam
2060 2147 2202 2202 dono
2236 2149 2413 2204 missis
2461 2164 2749 2219 earumque

254 2242 493 2313 pondere
539 2244 597 2296 et
640 2240 816 2309 pretio
862 2239 1075 2310 Polybii
1119 2243 1338 2310 μυρίων
1383 2241 1721 2295 verisimilius
1768 2241 1998 2308 usuique
2046 2240 2227 2308 aptius
2278 2255 2399 2296 esse
2448 2243 2748 2311 apparebit.

257 2335 396 2390 Tres
433 2334 574 2388 enim
606 2348 760 2401 reges
797 2332 1232 2402 opulentissimos
1267 2333 1495 2388 Romam
1529 2333 1672 2389 dona
1707 2333 1894 2388 decem
1942 2333 2165 2387 millium
2199 2349 2487 2389 aureorum
2519 2335 2748 2402 misisse,

257 2441 426 2498 supra
461 2426 753 2482 docuimus.
815 2425 949 2480 Cum
983 2429 1165 2480 autem
1199 2425 1440 2494 pondera
1477 2441 1797 2481 coronarum
1832 2441 2118 2481 aurearum
2152 2426 2287 2480 mire
2319 2426 2405 2481 his
2438 2426 2575 2482 locis
2608 2427 2751 2483 inter

257 2535 318 2576 se
353 2520 696 2575 consentiant
730 2533 960 2586 cumque
993 2518 1236 2586 accedat,
1273 2517 1418 2588 quod
1451 2518 1600 2588 apud
1633 2520 1977 2574 Athenaeum
2010 2519 2076 2585 V,
2110 2535 2163 2587 p.
2199 2521 2337 2573 202b
2378 2536 2589 2590 quoque
2622 2521 2759 2598 talis·
2823 2557 2832 2566 ·

259 2628 459 2669 corona
488 2616 934 2669 commemoratur
959 2611 1126 2667 decus
1147 2610 1649 2681 splendidissimum,
1677 2613 1937 2683 repellere
1952 2613 2041 2667 vix
2061 2612 2251 2681 ausim,
2278 2614 2476 2670 exteris
2498 2615 2748 2683 gentibus

255 2707 576 2777 regibusque
591 2748 606 2775 ,
660 2706 708 2760 si
753 2704 1091 2775 splendidum
1135 2705 1281 2774 quod
1323 2706 1526 2761 donum
1569 2705 1798 2759 Romam
1850 2705 2063 2760 mittere
2106 2706 2327 2769 vellent,
2381 2722 2539 2763 usum
2578 2706 2750 2763 fuisse
2834 2770 2839 2775 ,

258 2798 583 2854 decernendi
617 2812 872 2862 coronam
906 2812 1124 2852 auream
1161 2798 1348 2853 decem
1382 2799 1608 2854 millium
1639 2814 1939 2854 aureorum.
1986 2797 2141 2866 Quod
2162 2805 2344 2854 autem
2367 2800 2551 2855 Livius
2576 2799 2749 2868 affert,

255 2892 604 2962 Pamphylios
646 2893 854 2959 legatos
897 2890 1144 2945 attulisse
1187 2906 1444 2947 coronam
1478 2907 1509 2946 e
1540 2892 1647 2945 XX
1679 2892 1915 2947 millibus
1950 2891 2355 2960 Philippeorum
2387 2891 2606 2961 factam,
2639 2893 2749 2949 iam

258 2985 459 3041 dudum
505 2984 607 3039 viri
651 2984 800 3038 docti
844 2982 1228 3038 intellexerunt
1275 2988 1372 3039 aut
1415 2984 1565 3039 illum
1601 3000 1881 3040 numerum
1914 2985 1986 3039 ad
2020 2984 2297 3039 annalium
2328 2987 2595 3041 rationem
2629 3002 2747 3042 esse

257 3076 600 3133 referendum
641 3081 740 3130 aut
787 3075 931 3145 quod
975 3075 1109 3130 mihi
1149 3077 1482 3145 probabilius
1519 3077 1732 3132 videtur
1766 3078 1979 3132 scribae
2015 3091 2194 3132 errore
2229 3093 2347 3133 esse
2380 3078 2748 3147 depravatum.

423 3171 614 3239 Itaque
648 3171 794 3224 hunc
825 3170 884 3223 in
905 3169 1118 3239 Polybii
1149 3169 1330 3225 locum
1362 3169 1562 3224 inferre
1595 3186 1885 3240 possumus
1920 3175 2019 3225 aut
2048 3170 2327 3225 insolitum
2360 3175 2415 3225 et
2446 3170 2749 3245 inauditum

258 3278 540 3318 numerum
564 3278 595 3317 e
617 3261 769 3316 Livio
805 3266 902 3315 aut
935 3262 1153 3317 solitum
1187 3265 1242 3317 et
1276 3262 1396 3317 aliis
1430 3262 1565 3316 locis
1603 3263 2013 3333 comprobatum
2047 3268 2308 3329 tenemus,
2341 3261 2482 3317 Livii
2515 3266 2747 3319 auctori-

255 3360 372 3411 tate
419 3354 662 3426 repulsa,
717 3355 949 3425 μυρίων.
1031 3355 1188 3411 Hanc
1235 3360 1418 3411 autem
1462 3356 1728 3410 rationem
1776 3371 1899 3410 cum
1940 3355 2205 3426 aptiorem
2250 3370 2369 3410 esse
2414 3358 2598 3412 rectae
2642 3358 2750 3413 arti

262 3449 482 3505 criticae
516 3463 672 3502 nemo
707 3463 903 3515 negare
938 3448 1128 3517 possit,
1161 3464 1272 3504 non
1306 3448 1493 3503 dubito
1529 3448 1587 3503 in
1619 3450 1839 3526 vulgata
1874 3448 2147 3519 scriptura
2179 3463 2507 3517 permanere.

433 3557 478 3596 c.
532 3540 653 3596 Val.
688 3540 832 3594 Max.
867 3540 964 3609 IV,
1012 3546 1068 3608 8,
1111 3547 1128 3593 1
1189 3542 1485 3596 Victoriam
1535 3557 1755 3598 auream
1798 3542 2053 3597 Hieronis
2106 3539 2277 3597 fuisse
2324 3542 2507 3610 pondo
2560 3542 2748 3597 CCXL

257 3633 485 3689 tradidit
519 3632 725 3700 (CCXL
759 3660 829 3680 =
862 3638 1064 3689 960000
1099 3634 1188 3689 HS
1222 3660 1291 3681 =
1328 3638 1526 3689 168399
1559 3629 1797 3698 ‘Rmk.’).
1868 3635 1974 3689 Sed
2008 3650 2129 3689 eum
2168 3635 2227 3689 in
2259 3633 2502 3690 fontibus
2536 3636 2749 3692 utendis

259 3726 708 3796 neglegentissum
741 3724 938 3793 fuisse,
973 3726 1251 3795 Kempfius
1285 3727 1521 3796 prolegg.
1559 3727 1631 3782 ad
1664 3728 1789 3783 edit.
1825 3728 2003 3783 Berol.
2043 3732 2171 3782 1854
2208 3744 2259 3796 p.
2298 3732 2498 3783 26-33
2535 3728 2747 3798 docuit3

257 3822 444 3889 itaque
478 3818 583 3874 hac
619 3834 831 3889 quoque
865 3820 921 3873 in
954 3834 1014 3873 re
1048 3820 1162 3875 eius
1197 3819 1492 3875 auctoritas
1527 3819 1682 3875 nihili
1717 3820 1831 3875 fere
1866 3820 2201 3877 aestimanda
2237 3835 2355 3875 esse
2387 3820 2611 3875 videtur.

429 3915 722 3981 Hostium
775 3934 928 3981 vero
985 3916 1236 3998 legatos
1279 3914 1362 3981 de
1403 3934 1562 3998 pace
1604 3916 1939 3982 venientes
1984 3936 2249 3983 munera
2291 3916 2550 3999 publica
2590 3938 2751 3983 nun·

259 4044 453 4107 quam
496 4025 744 4106 afferre,
789 4024 982 4091 adiici
1027 4028 1136 4091 vix
1180 4046 1340 4109 opus
1385 4044 1526 4092 esse
1568 4025 1841 4092 videtur.
