3400 5300
449 1429 784 1510 HOSTIS,
843 1426 1348 1510 HOSPITIUM,
1407 1427 1831 1532 AMJGITIA,
1891 1425 2257 1510 FOEDUS,
2316 1426 2696 1496 DEDITIO.

495 1615 858 1698 Antiquitus
903 1635 1043 1680 cum
1089 1635 1130 1679 a
1172 1613 1442 1696 singulis
1484 1613 1782 1696 gentibus
1827 1613 2116 1680 civitates
2146 1618 2487 1697 separatae
2515 1612 2813 1680 constitui

323 1732 590 1810 coeptae
620 1731 855 1807 essent,
901 1723 1222 1790 hominem
1251 1723 1517 1790 alterius
1545 1723 1938 1807 reipublicae
1973 1723 2147 1807 apud
2192 1724 2462 1790 alterum
2507 1725 2813 1808 populum

325 1838 538 1919 legum
597 1834 796 1901 tutela
839 1835 1033 1917 plane
1076 1832 1386 1915 caruisse,
1449 1852 1563 1917 per
1607 1853 1678 1901 se
1721 1841 1915 1916 patet.
2003 1833 2199 1917 Apud
2238 1835 2560 1913 Romanos
2602 1842 2814 1901 autem

322 1946 378 2012 is
423 1945 824 2030 peregrinus,
886 1944 970 2010 ad
1029 1963 1217 2026 quem
1262 1945 1392 2010 suis
1433 1944 1685 2027 legibus
1730 1950 2013 2011 utentem
2056 1945 2485 2010 Romanorum
2529 1944 2817 2010 instituta

323 2077 454 2121 non
499 2055 894 2139 spectabant,
938 2053 1288 2134 antiquitus
1331 2039 1791 2137 appellabatur¹
1827 2054 2027 2121 hostis
2042 2056 2105 2130 ¹).
2180 2053 2337 2120 Cum
2380 2074 2531 2121 vero
2563 2055 2819 2120 Latino·
2922 2101 2925 2106 -
2986 2071 2993 2080 ·

324 2186 464 2231 rum
511 2165 682 2242 „suis
724 2163 976 2246 legibus
1018 2164 1151 2227 uti“
1196 2163 1533 2247 dupliciter
1575 2162 1851 2246 intelligi
1895 2164 2097 2248 possit
2136 2169 2247 2229 aut
2294 2163 2374 2230 de
2416 2165 2676 2232 civitate
2719 2165 2816 2231 sui

319 2275 478 2340 iuris
507 2294 648 2338 cum
679 2273 979 2338 Romanis
1011 2291 1418 2355 nequaquam
1460 2272 1678 2338 iuncta
1693 2273 1739 2348 ²)
1783 2279 1895 2337 aut
1941 2272 2021 2339 de
2066 2273 2394 2357 republica
2436 2275 2554 2357 cui,
2600 2294 2820 2358 quam·

323 2405 515 2468 quam
559 2385 774 2467 aliqua
818 2385 1091 2450 societas
1135 2402 1277 2446 cum
1315 2382 1628 2464 ‚Romanis
1671 2380 2047 2464 intercessit,
2094 2382 2385 2448 omnibus
2429 2390 2645 2451 tamen
2687 2385 2819 2452 suis

324 2495 578 2576 legibus
623 2494 716 2559 uti
759 2493 936 2559 licuit
950 2494 1012 2574 ³),
1061 2491 1252 2559 valde
1289 2492 1570 2558 dubitari
1612 2498 1841 2575 potest,
1886 2498 2091 2557 utrum
2124 2492 2325 2560 hostis
2356 2514 2497 2560 esse
2524 2493 2819 2562 videatur

323 2605 699 2689 peregrinus
744 2603 1006 2688 hospitii
1048 2602 1184 2670 iure
1212 2602 1523 2692 adversus
1553 2601 1680 2667 vim
1715 2612 1779 2670 et
1821 2601 2086 2670 iniurias
2126 2601 2424 2671 defensus
2439 2604 2483 2683 ⁴)
2525 2624 2611 2670 an
2642 2624 2819 2689 pere-

321 2718 544 2800 grinus
576 2715 853 2781 civitatis
883 2715 1124 2780 Romae
1169 2726 1304 2780 non·
1342 2712 1741 2780 coniunctae.
1806 2712 1935 2779 Sed
1980 2734 2122 2779 cum
2165 2714 2338 2799 apud
2370 2714 2629 2781 Festum
2674 2736 2723 2781 s.
2756 2736 2817 2779 v.

325 2833 529 2893 status
574 2825 714 2892 dies
759 2844 905 2908 pag.
952 2828 1074 2889 314
1120 2824 1204 2889 M.
1250 2823 1629 2890 referentem
1674 2822 1835 2889 haec
1892 2830 2137 2900 „status
2183 2823 2318 2892 dies
2361 2832 2653 2908 vocatur,
2712 2826 2819 2908 qui

321 2935 518 3002 iudici
575 2956 801 3002 caussa
859 2942 957 3001 est
1015 2934 1392 3000 constitutus
1436 2953 1579 2999 eum
1623 2934 1986 3017 peregrin03
2042 2934 2177 3001 eius
2222 2935 2395 3001 enim
2437 2936 2692 3017 generis
2735 2936 2819 3001 ab

322 3045 606 3129 antiquis
662 3045 878 3112 hostes
933 3043 1460 3128 appellabantur,
1518 3043 1688 3125 quod
1747 3049 1931 3109 erant
1977 3045 2133 3127 pari
2185 3045 2325 3107 iure
2389 3066 2525 3107 cum
2585 3046 2818 3131 populo

325 3156 619 3219 Romano
676 3160 870 3238 atque
928 3153 1166 3219 hostire
1226 3153 1582 3236 ponebatur
1637 3174 1753 3237 pro
1812 3149 2119 3234 aequare'
2180 3153 2298 3219 illa
2353 3156 2571 3220 verba·
2611 3154 2821 3237 „quod

325 3271 512 3331 erant
567 3265 705 3349 pari
765 3265 903 3331 iure
961 3283 1103 3329 eum
1162 3264 1398 3347 populo
1443 3264 1775 3329 Romano“
1836 3262 1962 3328 dici
2021 3284 2151 3328 non
2209 3264 2487 3346 possint,
2555 3264 2679 3330 nisi
2740 3264 2823 3331 de

329 3374 590 3441 civitate
633 3393 773 3439 eum
819 3374 1125 3441 Romanis
1182 3395 1311 3439 non
1357 3374 1692 3439 coniuncta
1737 3376 1909 3452 [nam
1953 3408 2036 3418 —-
2080 3379 2150 3437 ut
2191 3374 2565 3439 Mommseni
2607 3374 2823 3441 verbis

331 3485 397 3561 (l.
445 3469 522 3560 c.)
569 3489 711 3548 utar
755 3518 840 3529 —
883 3483 998 3549 der
1040 3484 1240 3550 hostis
1283 3484 1366 3550 ist
1410 3484 1681 3551 niemals
1736 3484 1803 3548 in
1847 3484 2006 3549 Rom
2063 3483 2340 3550 rechtlos
2389 3534 2402 3548 .
2450 3531 2465 3547 .
2516 3530 2532 3549 .
2573 3483 2820 3551 freilieh

331 3594 416 3660 ist
445 3593 961 3677 Rechtsstellung
998 3594 1175 3659 nicht
1202 3593 1788 3677 Rechtsgleichheit
1830 3594 1992 3677 (pari
2036 3594 2215 3672 iure)]
2260 3593 2361 3661 his
2407 3613 2444 3659 e
2486 3594 2823 3661 ratiocina-

329 3704 612 3771 tionibus
643 3703 935 3769 concludi
966 3723 1156 3789 posse
1185 3703 1454 3785 videtur,
1501 3703 1747 3771 hostem
1792 3702 2165 3787 simpliciter
2208 3703 2599 3786 significasse
2638 3726 2823 3789 pere-

475 3944 520 4004 1)
556 3938 732 3993 Plaut.
773 3938 922 3992 Trin.
956 3938 997 4003 1,
1036 3943 1080 3991 2.
1121 3941 1204 3991 65.
1275 3936 1414 3993 Rud.
1451 3937 1520 4002 ΙΙ,
1557 3943 1605 4003 4,
1643 3942 1724 3991 21.
1795 3938 1968 3993 Varro
2004 3937 2071 3992 de
2118 3938 2152 3991 l.
2187 3939 2220 3992 1.
2256 3936 2322 4004 V,
2361 3942 2389 3990 3
2435 3952 2561 3992 nam
2607 3932 2721 3993 tuin
2758 3954 2820 3994 eo

330 4030 495 4085 verbo
535 4030 744 4095 (hostis)
782 4032 1032 4087 dicebant
1065 4031 1427 4099 peregrinum,
1478 4031 1568 4099 qui
1603 4031 1711 4085 suis
1746 4020 1953 4099 legibus
1988 4035 2249 4095 uteretur,
2283 4044 2428 4083 nunc
2463 4029 2652 4085 dicunt
2684 4047 2825 4099 eum,

330 4139 492 4191 quem
528 4129 644 4177 tum
689 4120 943 4178 dicebant
985 4123 1327 4193 perduellem.
1400 4122 1510 4177 Cic.
1548 4122 1636 4178 off.
1675 4124 1717 4188 I,
1763 4128 1836 4177 12.
1905 4124 2149 4179 Macrob.
2187 4122 2299 4178 Sat.
2337 4123 2381 4183 Ι,
2420 4126 2499 4177 16.
2571 4122 2717 4178 Serv.
2752 4124 2821 4177 ad

335 4215 494 4284 Verg.
526 4216 661 4269 Aen.
696 4216 790 4279 IV,
826 4220 945 4269 425.
1002 4216 1122 4285 Dig.
1159 4220 1348 4279 49,15‚
1386 4222 1415 4270 5
1455 4222 1484 4281 ξ
1526 4220 1555 4269 2
1593 4214 1662 4268 cf.
1685 4214 2125 4285 Osenbrueggeni
2160 4216 2227 4270 de
2258 4215 2377 4269 iure
2410 4215 2536 4270 belli
2570 4231 2636 4270 ac
2671 4216 2822 4285 pacis

335 4309 484 4377 Lips.
529 4313 656 4364 1836
691 4324 746 4377 p.
783 4313 813 4361 8
850 4324 930 4377 sq.
1119 4313 1170 4373 2)
1216 4326 1265 4363 v.
1302 4309 1526 4377 Voigtii:
1566 4308 1662 4362 das
1699 4308 1780 4362 ius
1816 4310 2061 4364 naturale
2096 4308 2244 4378 Lips.
2286 4312 2413 4363 1858
2449 4314 2488 4362 t.
2524 4308 2594 4375 II,
2630 4324 2683 4377 p.
2722 4314 2821 4364 259

333 4402 519 4456 adnot.
559 4406 674 4455 276.
883 4404 932 4465 3)
969 4418 1016 4455 v.
1049 4401 1276 4469 Voigtii:
1324 4401 1420 4457 das
1455 4401 1541 4455 ius
1576 4402 1823 4456 naturale
1870 4408 1908 4455 t.
1944 4402 2013 4466 H,
2066 4417 2117 4470 p.
2156 4405 2255 4455 429
2290 4401 2471 4457 adnot.
2509 4406 2625 4456 546.
2694 4403 2823 4472 Leg.

334 4496 536 4549 Anton.
559 4494 626 4548 de
644 4492 907 4547 Termesa
930 4494 1022 4547 lin.
1043 4495 1148 4548 VII
1182 4494 1261 4557 (C.
1299 4495 1339 4548 Ι.
1359 4493 1423 4547 L.
1461 4494 1504 4559 I,
1540 4510 1591 4561 p.
1620 4498 1763 4559 114):
1800 4494 1985 4562 itaque
2020 4493 2118 4548 ieis
2154 4494 2400 4550 omnibus
2436 4494 2577 4549 sucis
2612 4496 2823 4564 legibus

335 4586 683 4642 Ther-mensis
719 4586 1010 4641 maioribus
1035 4586 1261 4641 Pisideis
1297 4588 1377 4641 uti
1411 4587 1588 4642 liceto.
1629 4586 1765 4641 Gell.
1785 4586 1931 4651 XVI,
1954 4591 2031 4654 13,
2052 4591 2100 4640 6.
2223 4590 2275 4651 4)
2311 4586 2396 4640 Ita
2432 4586 2818 4644 Mommsenus:

333 4680 490 4735 Rom.
528 4679 751 4735 Forsch.
788 4682 826 4733 t.
864 4678 905 4745 Ι,
941 4696 993 4747 p.
1031 4684 1128 4733 349
1166 4679 1285 4734 adn.
1325 4686 1406 4734 50.
1521 4726 1529 4733 .
