3400 5300
1305 327 1729 388 ..59-

270 501 520 580 poterat
545 528 632 542 —-
659 493 812 559 inde
853 500 1162 578 apparet,
1188 493 1380 578 quod,
1425 514 1566 561 cum
1597 513 1656 558 a.
1689 495 1959 571 5651189
1991 499 2136 576 post
2164 493 2515 560 Eumenem
2542 511 2761 576 regem

270 606 662 672 Rhodiorum
693 603 924 686 legatis
959 609 1250 668 senatum
1303 603 1584 670 dandum
1629 622 1771 670 esse
1817 604 2093 686 praetori
2136 603 2499 687 placuisset,
2546 622 2761 669 eorum

270 723 487 780 tamen
531 714 769 798 legatio
797 713 1114 779 introduci
1143 733 1274 778 non
1304 715 1528 798 potuit,
1573 713 1723 796 quia
1754 733 1883 778 non
1913 712 2140 779 aderat
2168 713 2429 795 quidam
2460 731 2677 778 eorum
2696 717 2760 791 1).

268 825 494 908 Itaque
547 823 729 890 brevi
773 823 1268 907 Smyrnaeorum
1325 823 1650 908 legatione
1702 823 2079 906 interposita
2132 828 2269 888 tota
2322 829 2455 887 tum
2514 823 2765 908 integra

270 933 662 999 Rhodiorum
707 934 943 1016 legatio
987 932 1348 998 introducta
1390 939 1506 1000 est.
2104 923 2108 926 ⁴

439 1043 676 1109 Multas
732 1044 1088 1126 legationes
1133 1044 1402 1110 Romam
1460 1043 1650 1108 simul
1693 1043 2027 1109 venientes
2072 1040 2353 1108 ordinari
2396 1043 2603 1108 solere
2645 1063 2760 1126 pro

271 1153 605 1220 voluntate
635 1154 965 1220 consulum
997 1157 1130 1229 (aut
1159 1173 1372 1220 eorum
1406 1154 1891 1236 magistratuum
1921 1153 2027 1236 qui
2058 1159 2351 1219 senatum
2374 1157 2762 1236 coegerant),

271 1263 488 1345 itaque
532 1263 904 1345 plerumque
947 1263 1216 1346 gratia2)
1261 1263 1557 1328 consules
1601 1263 1933 1330 ordinasse
1976 1284 2106 1328 non
2137 1265 2343 1329 solum
2372 1263 2571 1328 schol.
2604 1263 2761 1327 Bob.

271 1394 333 1457 p.
381 1375 502 1437 259
549 1393 641 1454 sq.
701 1373 792 1450 (in
846 1357 1044 1438 Cicer.
1104 1394 1192 1438 or.
1252 1393 1365 1456 pro
1417 1374 1635 1438 Plano.
1685 1374 1880 1455 XIII,
1935 1377 1998 1447 2)
2059 1373 2293 1438 diserte
2348 1355 2576 1454 stadit,
2644 1372 2763 1440 sed

268 1482 464 1548 etiam
509 1502 545 1548 e
589 1482 964 1564 scriptorum
1009 1483 1390 1548 testimoniis
1432 1483 1733 1550 facillime
1779 1483 2101 1549 enucleari
2145 1488 2373 1567 potest.
2462 1482 2530 1548 Si
2592 1483 2760 1549 enim

268 1609 454 1676 reges
498 1598 562 1658 et
605 1592 773 1658 ali-ae
816 1592 1174 1675 legationes
1204 1594 1470 1658 Romam
1503 1593 1936 1674 convenirent,
1982 1611 2236 1676 semper
2274 1597 2470 1658 antea
2503 1593 2764 1675 regibus

268 1708 561 1769 senatum
605 1721 748 1768 esse
793 1702 1013 1766 datum
1057 1703 1147 1769 ita
1175 1723 1348 1784 vero,
1394 1711 1462 1768 ut
1505 1704 2281 1787 primusintrodueeretur
2320 1702 2377 1768 is
2404 1723 2538 1781 reX,
2586 1703 2762 1768 cuius

270 1813 613 1878 auctoritas
655 1817 826 1878 esset
868 1813 1168 1893 maxima,
1215 1833 1251 1879 e
1282 1814 1534 1896 Polybii
1567 1820 1631 1880 et
1658 1814 1826 1878 Livii
1856 1814 2235 1880 testimoniis
2267 1811 2443 1879 haud
2471 1813 2693 1895 paucis
2711 1814 2759 1888 ³)

273 1929 574 2007 apparet3
618 1923 772 1988 item
803 1923 1157 2006 legatorum
1199 1943 1241 1988 a
1285 1924 1500 1989 multis
1536 1924 1836 2006 gentibus
1864 1925 2131 1988 Romam
2160 1923 2492 1988 missorum
2523 1922 2762 2004 primos

273 2052 414 2098 esse
467 2032 786 2098 admissos
847 2053 986 2110 eos,
1045 2035 1152 2116 qui
1197 2033 1422 2115 optimi
1474 2041 1538 2099 et
1592 2032 1930 2098 firmissimi
1990 2033 2144 2098 socii
2202 2031 2633 2098 iudicarentur
2650 2080 2666 2113 ,
2726 2050 2763 2097 e

269 2143 409 2207 Pol.
441 2143 662 2224 XXII,
701 2148 754 2205 1.
800 2142 1050 2224 XXXI,
1089 2148 1118 2206 1
1168 2143 1458 2209 concludi
1504 2143 1684 2225 licet3
1732 2143 2010 2225 denique
2052 2142 2107 2206 si
2153 2141 2234 2206 de
2277 2161 2437 2224 paee
2465 2141 2763 2208 facienda

271 2253 469 2336 legati
515 2271 656 2316 cum
702 2251 846 2316 aliis
875 2253 1144 2317 Romam
1187 2241 1636 2333 convenerant,
1694 2253 1843 2318 illos
1886 2250 2139 2316 auditos
2184 2270 2345 2333 esse,
2404 2270 2547 2316 cum
2589 2252 2761 2318 aliae

229 2438 244 2447 ,
266 2362 628 2444 legationes
669 2361 1067 2428 introductae
1111 2370 1352 2445 essent,
1389 2383 1468 2428 ex
1512 2361 1738 2428 eodem
1784 2361 2053 2444 Polybio
2100 2361 2333 2442 (XXII,
2387 2365 2441 2426 1.
2486 2361 2760 2444 XXXV,

273 2475 334 2547 2)
379 2478 669 2556 apparet.

621 2689 691 2743 ΙΙ.
744 2688 846 2742 DE
895 2688 1190 2745 SENATU
1234 2690 1552 2746 LEGATIS
1599 2688 1873 2745 ROMAM
1918 2686 2149 2743 MISSIS
2196 2688 2411 2745 DATO.

561 2848 615 2909 1.
683 2844 970 2926 Legati
1029 2844 1664 2909 introducuntur
1722 2853 1797 2910 et
1852 2846 2100 2911 verba
2155 2844 2487 2911 faciunt.

441 2997 776 3079 Legatos⁴>
821 2996 1063 3077 consul,
1111 3011 1249 3060 cum
1291 2996 1360 3060 in
1403 3005 1631 3063 senatu
1672 2997 2019 3063 rettulisset
2062 3017 2099 3063 e
2142 2997 2396 3063 comitio
2426 2999 2493 3062 in
2522 2996 2762 3064 curiam

269 3105 715 3207 introducebat
770 3112 964 3189 atque
1013 3107 1092 3171 iis
1148 3113 1528 3189 potestatem
1585 3107 1863 3172 faciebat
1906 3115 2163 3178 senatus
2206 3108 2509 3173 adeundi.
2597 3109 2761 3171 Tum

273 3222 504 3283 senatu
537 3214 685 3281 dato
720 3217 1038 3301 princeps,
1084 3218 1191 3299 qui
1235 3216 1608 3296 maximus⁵)
1651 3224 1807 3281 natu
1853 3218 2017 3282 inter
2046 3217 2293 3299 legatos
2323 3236 2463 3283 esse
2492 3217 2761 3297 solebat,

414 3388 459 3449 1)
496 3383 611 3438 Pol.
631 3382 806 3449 XXII,
831 3391 851 3438 1
893 3382 1176 3451 ἐβούλοντο
1216 3380 1446 3451 εἶςάγειν
1470 3380 1596 3439 τοὺς
1612 3379 1866 3442 Ῥοδίους,
1906 3379 2355 3452 ἀφυστεροῦντας
2382 3383 2441 3436 δέ
2470 3402 2619 3441 τινος
2650 3386 2763 3435 τῶν
2858 3436 2867 3443 ,

271 3480 621 3546 πρεσβευτῶν
659 3476 1052 3533 εἶςεκαλέσαντο
1093 3476 1218 3533 τοὺς
1253 3478 1617 3545 Σμυρναίους.
1673 3476 1741 3531 cf.
1778 3476 1895 3530 Liv.
1931 3476 2217 3541 XXXVII,
2256 3481 2339 3530 54.
2514 3480 2565 3541 2)
2610 3477 2762 3533 Non-

270 3586 543 3639 nunquam
579 3570 742 3625 etiam
777 3569 1008 3638 pecunia
1041 3576 1267 3638 accepta
1301 3587 1350 3623 v.
1387 3585 1555 3638 supra
1592 3574 1657 3622 44
1694 3586 1809 3639 sqq.
1948 3574 1997 3634 3)
2034 3570 2150 3624 Pol.
2186 3569 2359 3632 XXII,
2386 3575 2428 3624 1.
2479 3570 2680 3635 XXIII,
2718 3576 2761 3625 1.

270 3662 473 3727 XXIV,
511 3670 551 3716 ί.
613 3662 811 3729 XXIV,
850 3667 908 3715 10
944 3662 1084 3727 (coll.
1121 3662 1235 3716 Liv.
1273 3662 1389 3715 XL.
1427 3668 1476 3721 2)
1523 3662 1696 3724 XXV,
1734 3668 1763 3717 2
1800 3664 1939 3730 (coll.
1978 3662 2095 3717 Liv.
2130 3664 2247 3724 XL,
2284 3667 2388 3728 20).
2437 3663 2554 3718 Liv.
2590 3664 2761 3731 XLII,

280 3760 354 3809 11.
407 3755 521 3810 Pol.
560 3754 761 3821 XXXI,
805 3762 844 3810 1.
881 3760 929 3809 9.
974 3754 1226 3822 XXXIII,
1269 3762 1345 3809 16.
1518 3760 1570 3821 4)
1620 3756 2015 3812 Gratulantium
2050 3758 2351 3823 legatorum
2385 3763 2560 3811 vestes
2594 3757 2764 3814 fuisse

271 3848 555 3923 candidae,
609 3850 905 3917 lugentium
951 3848 1224 3913 sordidaS,
1277 3849 1457 3903 multis
1499 3849 1634 3903 locis
1687 3850 2071 3917 comprobatur
2118 3849 2249 3914 (Cic.
2284 3849 2438 3903 Verr.
2476 3849 2547 3914 II,
2596 3855 2643 3916 2,
2680 3856 2763 3905 25.

270 3941 342 4009 Π,
381 3948 428 4008 5,
467 3946 546 3995 49.
585 3942 702 3996 Val.
739 3942 887 3997 Max.
921 3942 988 3995 V.
1024 3943 1066 4005 I,
1108 3948 1151 3995 1.
1207 3941 1321 3996 Liv.
1356 3942 1553 4009 XXVI,
1591 3946 1674 3997 39.
1720 3942 1921 4008 XXIX,
1957 3948 2034 3998 16.
2088 3942 2337 4009 XXXIV,
2374 3946 2423 3995 9.
2473 3942 2641 4009 XLV,
2678 3948 2761 3999 20.

273 4035 406 4089 Sall.
443 4036 555 4103 Iug.
593 4034 845 4089 XXXIII.
901 4036 1199 4089 Menander
1231 4036 1288 4089 in
1322 4036 1457 4089 rhet.
1475 4051 1655 4103 graec.
1677 4036 1757 4090 ed.
1778 4036 1933 4089 Walz
1968 4034 2065 4098 IX,
2092 4040 2189 4089 297
2214 4036 2333 4089 coll.
2354 4035 2490 4091 Plin.
2510 4036 2762 4105 XXXIII,

271 4134 344 4199 J).
415 4128 617 4183 Notum
661 4134 770 4195 est,
820 4144 849 4183 e
885 4144 1033 4183 more
1072 4129 1402 4184 Graecorum
1437 4129 1642 4197 legatos
1688 4128 1959 4197 supplices
2006 4128 2332 4193 velamenta,
2384 4143 2563 4185 ramos
2614 4130 2764 4185 oleae

271 4222 550 4292 porrigere
592 4222 726 4287 (Liv.
763 4221 962 4286 XXIX,
1004 4226 1102 4286 16).
1277 4228 1328 4287 5)
1377 4221 1492 4275 Liv.
1530 4221 1787 4286 XXVIII,
1824 4226 1904 4275 39.
1974 4220 2174 4288 XXIX,
2216 4226 2290 4275 16.
2361 4221 2514 4290 Ipsos
2558 4224 2763 4291 legatos

274 4332 386 4370 non
431 4314 802 4369 adulescentes
848 4314 1045 4381 fuisse,
1100 4314 1192 4369 sed
1227 4315 1369 4369 viros
1404 4315 1634 4385 peritos,
1682 4331 1781 4383 per
1827 4330 1885 4369 se
1927 4314 2242 4383 intelligitur
2280 4313 2413 4377 (Liv.
2449 4314 2624 4379 XXX,
2662 4320 2761 4382 22).

276 4408 384 4463 Sed
432 4414 492 4462 ut
543 4400 934 4477 posterioribus
994 4408 1326 4477 temporibus
1381 4408 1614 4463 Romani
1662 4408 1768 4477 ipsi
1824 4408 1973 4474 vir0„
2020 4409 2117 4477 ,qui
2170 4408 2446 4477 legationis
2498 4408 2761 4477 principis

274 4516 497 4565 munere
541 4501 886 4571 fungebatur,
939 4499 1310 4557 adulescentes
1346 4500 1720 4555 attribuebant
1754 4500 1905 4566 (Sall.
1940 4500 2053 4569 Iug.
2090 4501 2261 4555 XXII.
2315 4520 2363 4556 v.
2399 4501 2542 4555 Plut.
2580 4516 2761 4571 praec.

274 4594 408 4663 reip.
444 4610 554 4663 ger.
591 4594 682 4660 Χ),
718 4593 796 4647 ita
830 4592 1063 4647 fortasse
1099 4594 1258 4649 etiam
1291 4595 1497 4663 legatos
1531 4594 1761 4667 Romam
1796 4595 1988 4649 missos
2025 4611 2133 4650 non
2170 4610 2382 4664 semper
2415 4594 2559 4650 viros
2593 4595 2763 4652 fuisse

273 4703 478 4752 omnes,
517 4686 713 4743 coniici
745 4688 886 4741 licet.
