3400 5300
1642 268 2065 418 -334

608 477 1090 540 Tarentinorum
1131 495 1192 542 a.
1238 478 1512 552 5451209
1554 475 1715 555 (Liv.
1762 476 2034 555 XXVII,
2074 479 2200 551 21).

609 585 1206 670 Carthaqiniensz‘um
1248 606 1306 650 a.
1356 586 1624 667 5511203
1672 585 1835 659 (Liv.
1883 586 2097 668 XXX,
2144 589 2269 664 21).

605 695 891 780 Philippi
928 715 986 760 a.
1020 699 1288 773 5571197
1321 696 1482 774 (Liv.
1514 695 1799 777 XXXII,
1833 697 1959 769 36).
2003 715 2062 760 a.
2098 697 2367 776 5581196
2398 697 2561 776 (Liv.
2593 699 2875 786 XXXII,
2908 705 3012 780 24)
3033 705 3108 782 ¹).

603 805 905 869 Antiochi
941 826 1000 872 a.
1047 809 1318 882 5651189
1364 807 1528 884 (Liv.
1572 804 1915 885 XXXVII,
1962 810 2063 871 45.
2111 809 2238 882 52).

605 916 973 980 Aetolorum
1015 936 1073 982 a.
1125 918 1396 992 5651189
1443 915 1603 988 (Liv.
1648 914 2028 997 XXXVIII,
2080 921 2175 982 10.
2229 920 2348 993 12).

612 1024 938 1092 Gallorum
981 1047 1038 1093 a.
1087 1025 1355 1108 5711183
1402 1025 1565 1103 (Liv.
1610 1024 1929 1107 XXXIX,
1979 1031 2103 1103 54).

601 1136 912 1220 Liyurum
955 1156 1015 1203 a.
1061 1139 1325 1214 5731181
1375 1135 1536 1213 (Liv.
1582 1134 1723 1216 XL,
1768 1139 1893 1211 34).

604 1245 1035 1332 Hispanorum
1078 1267 1139 1313 a.
1184 1249 1449 1323 6031151
1501 1246 1657 1324 (Pol.
1706 1244 1982 1328 XXXV,
2032 1249 2089 1309 2.
2137 1247 2303 1329 App.
2344 1246 2515 1314 Iber.
2560 1251 2687 1326 49).

773 1358 1075 1424 Attamen
1137 1376 1277 1422 cum
1333 1376 1484 1422 casu
1539 1355 1796 1422 fortuito
1848 1355 2153 1423 facillime
2210 1355 2345 1440 fieri
2388 1365 2631 1442 posset,
2691 1365 2761 1424 ut
2818 1359 3095 1428 hostium

605 1468 801 1551 legati
867 1465 1260 1532 comitiorum
1325 1466 1554 1550 quibus
1618 1466 2025 1550 magistratus
2091 1467 2466 1534 creabantur
2526 1469 2920 1554 temporibus
2984 1471 3103 1536 ad·

603 1576 929 1660 venirent,
987 1597 1118 1644 non
1170 1577 1397 1643 mirum
1455 1582 1582 1658 eut,
1637 1575 2036 1642 induciarum
2078 1582 2367 1662 tempore
2420 1598 2551 1644 non
2603 1577 2793 1645 nimis
2834 1579 3013 1647 brevi
3057 1601 3105 1646 a

604 1686 866 1754 consule
910 1685 1060 1753 dato
1103 1685 1190 1752 ad
1233 1705 1438 1753 novos
1479 1685 1773 1752 consules
1818 1705 1927 1753 eos
1969 1686 2224 1763 reiici¹).
2282 1687 2385 1754 Ita
2426 1686 2514 1752 ad
2557 1708 2757 1756 novos
2802 1691 3099 1756 consules

601 1796 820 1863 reiecti
879 1803 1026 1863 sunt
1079 1797 1277 1880 legati
1332 1795 1952 1879 Carthaginiensium
2006 1816 2065 1862 a.
2126 1799 2390 1874 5531201
2455 1797 2617 1872 (Liv.
2676 1797 2874 1863 XXX
2892 1846 2908 1876 ,
2968 1801 3097 1881 40),

604 1905 878 1973 Nabidis
921 1927 980 1974 a.
1028 1909 1300 1984 5601194
1347 1906 1509 1984 (Liv.
1555 1905 1867 1988 XXXIV,
1914 1909 2051 1986 43),
2095 1907 2463 1973 Aetolorum
2507 1927 2566 1972 a.
2615 1911 2885 1986 5641190
2931 1908 3095 1988 (Liv.

604 2016 939 2099 XXXVII,
992 2022 1070 2098 1),
1115 2036 1175 2082 a.
1222 2016 1494 2098 5651189
1537 2014 1700 2089 (Liv.
1747 2015 2089 2098 XXXVII,
2137 2015 2267 2100 49).

604 2235 685 2300 D.
746 2237 1237 2320 Populorum
1281 2235 1413 2319 qui
1457 2236 1940 2302 societatem
1984 2255 2150 2301 cum
2196 2237 2575 2303 Romanis
2618 2238 2831 2304 inire
2873 2239 3096 2304 vole-

1585 2345 1789 2411 bant
1832 2346 2112 2429 legati.

772 2480 1092 2566 Principio
1135 2482 1320 2563 anni,
1378 2487 1723 2564 antequam
1768 2480 2061 2548 consules
2103 2483 2172 2547 in
2214 2481 2577 2566 provincias
2621 2482 2887 2567 profecti
2928 2489 3096 2565 sunt,

603 2610 745 2658 cum
787 2591 1052 2658 veniant
1094 2590 1180 2659 ad
1223 2592 1595 2659 societatem
1638 2591 1999 2659 faciendam
2052 2592 2283 2674 legati:

605 2702 1008 2769 Lucanorum
1052 2722 1112 2768 a.
1158 2701 1427 2781 4571297
1475 2702 1638 2778 (Liv.
1685 2702 1771 2785 X,
1823 2706 1943 2780 11).

603 2811 997 2879 Rhodiorum
1041 2831 1100 2877 a.
1147 2814 1412 2889 5871167
1461 2812 1622 2890 (Pol.
1667 2812 1885 2896 XXX,
1933 2817 2016 2891 5).

604 2922 1046 2989 Prienensium
1089 2941 1149 2986 a.
1198 2924 1467 2997 6151139
1514 2920 1608 3001 (Ο.
1653 2924 1705 2987 Ι.
1752 2924 1859 2991 Gr.
1909 2926 2120 3001 2905).

603 3030 984 3098 Iudaeorum
1027 3051 1087 3125 a.
1134 3034 1278 3109 621!
1288 3035 1402 3098 133
1448 3032 1703 3117 Ioseph.
1750 3035 1823 3099 A.
1870 3034 1921 3101 I.
1967 3033 2153 3116 XIII,
2200 3036 2259 3116 9,
2307 3035 2403 3110 2²)

604 3141 877 3225 populos
918 3160 1169 3224 quoque
1195 3142 1542 3208 amicitiam
1570 3144 1676 3210 vel
1707 3143 1933 3210 foedus
1961 3149 2257 3228 petentes
2284 3163 2489 3210 novos
2517 3144 2811 3211 consules
2839 3143 3097 3227 adiisse,

608 3270 739 3317 non
781 3250 973 3318 nimis
1014 3251 1320 3319 audacter
1359 3253 1814 3335 concludimus,
1862 3254 1980 3320 etsi
2026 3251 2502 3319 concedendum
2546 3260 2673 3336 est,
2716 3252 3097 3319 Iudaeorum

606 3362 884 3445 priorem
927 3362 1317 3443 legationem
1362 3362 1708 3429 amicitiam
1751 3369 2077 3447 petentem
2122 3362 2295 3428 exitu
2338 3363 2494 3428 anni
2526 3365 2797 3445 6151139
2824 3364 3095 3429 Romam

605 3470 935 3553 venisse³).

749 3640 796 3704 1)
829 3635 1066 3707 Philippi
1097 3638 1260 3707 legati
1293 3637 1521 3692 Romam
1556 3639 1847 3693 adveniunt
1881 3653 1931 3694 a.
1968 3621 2189 3707 5581196
2224 3638 2359 3706 (Liv.
2389 3638 2644 3706 XXXIII,
2668 3640 2771 3703 24),
2807 3643 3095 3708 postquam

608 3731 858 3787 consules
907 3732 1076 3785 creati
1125 3736 1252 3785 sunt
1295 3736 1533 3785 attamen
1577 3732 1923 3801 magistratus
1968 3730 2207 3786 nondum
2239 3731 2501 3797 inierunt,
2551 3731 2647 3787 sed
2678 3747 2790 3787 non
2824 3732 2894 3787 ad
2928 3747 3095 3787 novos

607 3824 854 3880 consules
905 3823 1240 3879 reficiuntur.
1324 3822 1643 3879 Rectissime
1695 3824 1763 3879 de
1813 3824 2175 3893 discrepantia
2218 3823 2358 3879 Livii
2408 3828 2464 3878 et
2510 3823 2720 3895 Polybii
2768 3824 3099 3880 narrationis

605 3916 912 3987 disputasse
960 3918 1171 3973 videtur
1219 3916 1509 3971 Nissenus:
1563 3916 1703 3971 Krit.
1739 3916 1955 3973 Unters.
1992 3918 2084 3973 ub.
2123 3918 2173 3973 d.
2209 3916 2432 3985 Quellen
2480 3915 2531 3971 d.
2571 3923 2617 3972 4.
2667 3934 2719 3970 u.
2771 3923 2819 3971 5.
2869 3916 3097 3972 Dekade

602 4026 654 4079 p.
699 4014 812 4065 143.
949 4013 1002 4076 2)
1036 4028 1085 4065 v.
1120 4009 1525 4065 Mendelssohni
1557 4010 1592 4063 l.
1632 4025 1677 4063 c.
1714 4027 1768 4079 p.
1810 4014 1906 4064 134
1942 4025 2019 4079 sq.
2068 4010 2211 4066 Mus.
2246 4008 2419 4064 Rhen.
2456 4009 2707 4077 XXVIII,
2743 4015 2843 4065 586
2879 4025 2957 4080 sq.

607 4106 658 4170 3)
692 4101 904 4172 Ioseph.
941 4104 1007 4159 A.
1042 4101 1085 4157 I.
1119 4101 1264 4171 XIV,
1300 4106 1349 4166 8,
1385 4106 1434 4155 5.
1481 4120 1527 4157 v.
1564 4101 1971 4158 Mendelssohni
2004 4102 2037 4156 l.
2063 4118 2105 4156 c.
2143 4119 2194 4172 p.
2222 4107 2317 4158 116
2336 4119 2415 4171 sq.
2460 4102 2604 4158 Mus.
2628 4101 2803 4159 Rhen.
2840 4101 3092 4167 XXVIII,

602 4201 700 4252 586
736 4212 828 4267 sq:
