3400 5300
1627 309 2050 370 -26—

588 475 957 542 Aetolorum
1001 480 1065 540 et
1107 475 1559 540 Thessalorum
1908 495 1966 540 a.
2016 477 2284 550 5811173
2332 475 2492 550 (Liv.
2539 475 2745 558 XLII,
2793 480 2853 539 4.
2900 477 3029 552 25).

588 593 1208 677 Carthaginiensium
1259 659 1264 664 ,
1904 614 1960 658 a.
2010 596 2267 674 5831171
2324 593 2488 670 (Liv.
2536 593 2774 674 XLIII,
2822 597 2903 669 3).

586 712 926 777 multarum
950 710 1278 776 civitatum
1299 711 1496 777 Asiae
1517 717 1580 777 et
1605 707 1865 912 Grae-}
1908 789 1966 835 a·
2016 773 2285 848 584l170
2334 769 2495 842 (Lim
2540 769 2780 851 XLIII,
2830 773 2891 846 6)
2907 773 2969 848 1).

672 848 810 895 crae

587 968 629 1013 a
675 946 874 1031 Cotye
917 965 1068 1029 rege
1111 947 1428 1012 Thracum
1906 967 1968 1012 a.
2014 950 2282 1025 5871167
2330 947 2491 1025 (Liv.
2538 945 2737 1027 XLV,
2787 949 2912 1025 42).

758 1183 893 1248 Has
961 1183 1398 1249 enarrationes
1461 1190 1801 1265 sequentes
1868 1205 1983 1250 nos
2048 1205 2179 1249 non
2248 1181 2609 1248 dubitamus
2674 1181 3078 1264 concludere,

589 1293 925 1378 paullatim
971 1312 1114 1359 eum
1157 1312 1341 1358 usum
1387 1292 1755 1372 obtinuisse,
1801 1299 1871 1358 ut
1914 1293 2111 1376 legati
2153 1293 2554 1358 mitterentur
2588 1291 2673 1358 ad
2701 1312 2904 1359 novos
2932 1311 3082 1358 con-

590 1406 762 1473 sules
806 1405 912 1486 qui
955 1402 1145 1467 modo
1188 1401 1626 1485 magistratum
1669 1403 1996 1486 iniissent3
2043 1402 2230 1469 buius
2273 1409 2485 1468 autem
2532 1401 2850 1485 opinionis
2894 1422 3083 1484 argu-

587 1521 871 1579 mentum
929 1519 1054 1593 est,
1116 1511 1286 1595 quod
1330 1514 1578 1580 senatui
1623 1532 2083 1594 nonnunquam
2127 1512 2367 1596 placuit
2410 1511 2495 1578 ad
2537 1530 2738 1578 novos
2783 1512 3083 1578 consules

586 1624 834 1706 legatos
875 1623 1124 1700 reiici2).

759 1732 938 1811 Quae
982 1752 1123 1798 cum
1167 1733 1260 1799 ita
1303 1733 1448 1814 sint,
1495 1733 1720 1797 mirum
1750 1752 1881 1797 non
1913 1737 2027 1813 est,
2074 1732 2263 1814 quod,
2309 1751 2450 1798 cum
2480 1732 2672 1798 etiam
2702 1731 3082 1809 Ciceronis⁸)

588 1844 981 1927 temporibus
1037 1863 1174 1909 mos
1228 1844 1341 1908 ille
1396 1848 1598 1924 esset,
1661 1843 1735 1907 A.
1781 1841 2042 1908 Gabinii
2102 1843 2246 1925 lege
2303 1841 2386 1908 de
2442 1850 2669 1909 senatu
2722 1842 2956 1925 legatis
3000 1860 3082 1907 ex

589 1945 740 2017 Kal.
786 1953 972 2018 Febr.
1031 1935 1231 2034 usque
1287 1952 1372 2018 ad
1416 1952 1565 2018 Kal.
1609 1953 1793 2018 Mart.
1853 1951 2137 2035 quotidie
2196 1951 2409 2018 dando
2465 1973 2525 2018 a.
2574 1950 2802 2037 687167
2848 1952 3082 2018 diserte

592 2070 688 2128 est
730 2061 1170 2145 significatum,
1217 2081 1333 2144 per
1360 2069 1559 2128 totum
1590 2081 1876 2128 mensem
1908 2062 2320 2129 Februarium
2332 2064 2378 2140 ⁴)
2406 2068 2559 2128 ante
2590 2063 2803 2129 omnia
2836 2063 3083 2146 legatos

590 2173 858 2238 Romam
903 2173 1129 2239 missos
1175 2192 1316 2239 esse
1357 2172 1791 2247 audiendos⁵).

1634 2359 1707 2423 Β.
1761 2358 2038 2441 Reges.

762 2495 1025 2561 Duabus
1078 2494 1157 2560 de
1201 2494 1441 2560 caussis
1486 2513 1670 2577 reges
1713 2493 1837 2578 ipsi
1883 2513 2023 2558 cum
2068 2495 2336 2559 Romam
2379 2493 2675 2576 veniant,
2732 2501 2843 2558 aut
2864 2499 2956 2558 .ut
3002 2493 3081 2560 de

592 2605 765 2671 bello
824 2623 1127 2689 prospere
1185 2625 1226 2677 a
1279 2605 1518 2688 populo
1561 2605 1853 2669 Romano
1898 2609 2121 2671 exacto
2165 2605 2594 2688 gratulentur,
2655 2610 2765 2669 aut
2806 2610 2877 2669 ut
2921 2604 3082 2672 alios

593 2716 798 2782 socios
839 2714 1014 2797 apud
1055 2720 1349 2780 senatum
1393 2713 1742 2779 defendant
1785 2720 1895 2779 aut
1938 2721 2255 2797 accusent,
2301 2714 2670 2798 bipartitam
2697 2714 3083 2781 instituimus

592 2824 1029 2906 quaestionem
1077 2824 1159 2889 de
1201 2843 1421 2907 regum
1463 2824 1783 2889 adventus
1825 2829 2133 2907 tempore.

762 2978 821 3023 a.
867 2958 1075 3041 Reqes
1113 2960 1517 3042 qratulantes.

761 3068 945 3147 Quod
1000 3070 1131 3134 iam
1189 3090 1380 3151 supra
1392 3071 1435 3147 ⁶)
1494 3068 1841 3148 docuimus,
1898 3070 2293 3151 gratulantes
2348 3068 2517 3133 illico
2577 3075 2723 3151 post
2782 3076 3079 3135 eventum

591 3198 996 3263 prosperum,
1053 3180 1140 3245 ad
1199 3166 1386 3262 quem
1430 3178 1769 3262 pertinent,
1815 3178 2080 3243 Romam
2125 3179 2413 3260 venisse,
2472 3178 2541 3243 in
2584 3179 2920 3261 propatulo
2966 3185 3079 3260 est,

590 3309 810 3371 regum
856 3310 1105 3372 quoque
1147 3290 1602 3372 gratulantium
1647 3288 1964 3355 adventus
2007 3294 2260 3371 tempus
2303 3287 2623 3353 fortuitum
2672 3306 2831 3353 esse.
2904 3288 3082 3353 Atta-

592 3420 738 3464 men
784 3418 925 3464 cum
970 3400 1146 3465 bella
1188 3419 1358 3467 anno
1404 3406 1679 3465 exeunte
1721 3396 1939 3482 perfici
1982 3399 2293 3481 solerent,
2354 3416 2547 3480 saepe
2593 3404 2867 3463 exeunte
2911 3417 3080 3462 anno

592 3511 859 3574 Romam
903 3509 1250 3575 veniebant
1291 3527 1474 3591 reges
1515 3509 1935 3592 gratulantes.
2022 3508 2247 3590 Itaque
2290 3508 2659 3585 Eanum-9⁸⁷)
2706 3528 2764 3573 a.
2813 3507 3080 3586 5651189

592 3613 714 3703 ἤδη
771 3619 887 3701 τῆς
943 3614 1215 3699 θερείας
1258 3616 1678 3705 ἐνισταμένης
1721 3616 1888 3699 μετὰ
1930 3615 2045 3702 τὴν
2090 3614 2267 3703 νίκην
2311 3619 2441 3683 τῶν
2480 3612 2841 3701 Ῥωμαίων,
2906 3615 3079 3679 Mas-

497 3724 506 3732 '
591 3726 845 3810 9abas⁸J
903 3727 1282 3794 Masinissae
1335 3728 1502 3795 filius
1556 3734 1703 3812 post
1745 3729 2077 3795 victoriam
2122 3728 2202 3795 de
2245 3730 2477 3795 Perseo
2520 3734 2909 3811 reportatam
2952 3725 3075 3793 fine

734 3934 781 3994 1)
818 3929 940 3983 Huc
975 3928 1206 3996 pertinet
1241 3933 1414 3983 sctum
1449 3928 1516 3983 de
1551 3928 1833 3985 Thisbacis
1870 3929 2030 3999 (Eph.
2070 3944 2151 3997 ep.
2188 3929 2229 3994 I,
2269 3932 2402 3995 178).
2614 3932 2663 3995 2)
2697 3928 2816 3983 Liv.
2852 3928 2993 3994 XLI,
3031 3933 3081 3983 6.

595 4021 764 4083 XLII,
801 4026 884 4075 26.
1095 4026 1146 4087 3)
1193 4019 1304 4075 Cic.
1341 4023 1496 4077 Verr.
1534 4022 1576 4089 Ι,
1613 4028 1694 4088 35,
1732 4027 1810 4077 90.
1864 4023 1934 4087 ΙΙ,
1974 4027 2021 4087 2,
2059 4025 2139 4089 31,
2178 4026 2259 4075 76.
2313 4020 2697 4076 Pseudoascon
2739 4038 2794 4089 p.
2836 4025 2947 4075 173.

574 4121 646 4181 ·4)
693 4115 882 4183 Itaque
918 4114 1241 4182 Iudaeorum
1273 4114 1437 4183 legati
1485 4128 1533 4169 a.
1571 4118 1757 4184 ’110144
1792 4117 2021 4170 Romam
2067 4113 2217 4169 missi
2263 4111 2370 4181 πρὸ
2408 4113 2565 4166 πέντε
2601 4111 2843 4165 Εἰδυίων
2882 4119 3082 4185 Φεβρο-

597 4206 771 4279 αρίων
805 4222 840 4261 a
875 4212 1068 4261 senatu
1103 4206 1412 4262 audIuntur.
1459 4209 1566 4263 Ios.
1586 4209 1652 4263 A.
1672 4208 1717 4267 1.
1740 4208 1889 4278 XIV,
1914 4214 1990 4271 10,
2016 4212 2090 4262 10.
2128 4225 2178 4262 v.
2206 4206 2613 4261 Mendclssobni
2644 4208 2681 4261 l.
2704 4222 2748 4261 c.
2785 4224 2839 4275 p.
2878 4212 2977 4261 240
3003 4223 3083 4275 sq.

593 4302 742 4356 Mus.
777 4300 948 4354 Rhea.
985 4299 1236 4367 Xva,
1273 4318 1326 4369 p.
1362 4305 1478 4355 586.
1620 4306 1670 4369 5)
1704 4320 1753 4357 v.
1790 4301 2003 4369 Langii:
2038 4300 2107 4355 R.
2142 4302 2206 4355 A.
2243 4287 2339 4367 112,
2374 4304 2491 4364 366,
2528 4304 2644 4366 376,
2682 4305 2800 4355 612.
2844 4300 2940 4366 111,
2974 4304 3084 4366 187,

599 4398 714 4447 199.
774 4393 978 4447 Diebus
1012 4392 1299 4447 Februarii
1333 4394 1558 4449 nefastis
1595 4399 1841 4449 senatum
1876 4395 2067 4449 haberi
2100 4408 2279 4463 posse,
2318 4393 2702 4449 demonstravit
2736 4396 2793 4447 et
2827 4392 3085 4461 exemplis

595 4486 886 4541 illustravit
918 4485 1158 4553 Langius
1191 4486 1228 4539 1.
1269 4502 1312 4541 c.
1350 4493 1403 4541 et
1438 4487 1688 4542 Bardtius
1724 4487 1782 4541 in
1815 4486 2081 4541 Her-metis
2118 4492 2155 4540 t.
2193 4486 2313 4553 VH,
2359 4502 2411 4555 p.
2455 4489 2513 4541 15
2550 4502 2663 4556 sqq.
2838 4490 2889 4552 6)
2924 4501 2978 4555 p.
3006 4488 3088 4539 '24

597 4578 721 4633 adn.
760 4582 806 4631 3.
982 4583 1033 4644 7)
1077 4579 1191 4633 Pol.
1229 4578 1403 4640 XXII,
1445 4585 1487 4633 1.
1555 4580 1672 4635 Liv.
1709 4579 1986 4647 XXXVII,
2031 4585 2112 4633 51.
2152 4584 2236 4634 52.
2306 4579 2452 4649 App.
2488 4579 2582 4648 XI,
2620 4586 2683 4635 45
2876 4583 2926 4646 8)
2970 4579 3089 4635 Liv.

594 4672 764 4736 XLV,
803 4676 878 4725 13.
916 4670 1033 4726 Val.
1070 4671 1216 4725 Max.
1248 4671 1314 4726 V.
1349 4672 1392 4738 Ι,
1434 4680 1477 4726 1.

3352 36 3369 167 ...ιιι-
