3400 5300
1155 474 1227 546 C.
1285 473 1647 542 Hostium
1693 475 1969 558 legati.

487 610 761 675 Romani
805 628 947 675 cum
990 609 1117 676 iam
1145 611 1601 694 antiquissimis
1627 599 2569 696 temporibus'cognovissenv),
2618 631 2808 694 quam

317 719 742 805 perniciosum
767 726 977 801 esset,
1021 718 1296 786 hostium
1340 721 1587 804 legatos
1631 721 1744 787 diu
1772 721 1941 787 circa
1983 722 2203 788 urbem
2234 729 2299 788 et
2325 723 2394 788 in
2422 721 2615 788 Italia
2643 742 2811 787 com-

315 829 580 912 morari,
639 830 709 894 in·
761 849 1027 897 morem·
1051 830 1259 912 venit,
1316 830 1396 897 iis
1437 831 1715 898 hostium
1759 831 2021 915 legatis,
2078 851 2342 915 quorum
2386 830 2470 897 de
2512 851 2671 917 pace
2713 831 2810 897 fa*

315 939 548 1006 cienda
576 940 968 1007 venientium
1013 938 1420 1008 condiciones
1447 941 1755 1009 Romanis
1797 960 1929 1014 non
1964 941 2397 1025 convenirent,
2444 941 2811 1009 denuntiari

316 1060 558 1116 certum
605 1049 805 1133 diem,
865 1069 992 1132 quo
1047 1051 1131 1116 ab
1177 1051 1352 1142 urbe,
1398 1058 1639 1117 certum
1684 1070 1808 1134 quo
1853 1052 2046 1118 Italia
2089 1050 2492 1122 excederent.
2580 1049 2709 1117 Sed
2754 1051 2810 1117 si

316 1159 383 1224 in
428 1178 538 1225 eos
581 1159 974 1226 atrocissime
1018 1167 1082 1226 et
1117 1160 1495 1241 gravissime
1523 1161 1846 1244 agendum
1877 1179 2022 1230 esse
2048 1161 2383 1245 putabant,
2428 1180 2512 1227 ne
2540 1161 2807 1239 audiri¹)

278 1289 427 1336 ·eos
473 1270 729 1352 quidem
771 1271 1022 1337 senatui
1064 1270 1326 1355 placuit.

487 1381 672 1446 Pacis
714 1400 869 1446 vero
912 1380 1393 1446 condicionibus
1435 1401 1565 1447 non
1609 1381 1889 1466 acceptis
1931 1381 2163 1464 legatis
2207 1379 2419 1442 eodem
2450 1379 2556 1446 die
2584 1381 2811 1446 urbem

315 1489 801 1574 relinquendam
859 1509 1030 1568 esse,
1097 1491 1347 1557 senatui
1402 1509 1656 1576 semper
1711 1491 1970 1575 placuit.
2070 1491 2174 1556 Ita
2234 1487 2457 1554 Cineae
2468 1491 2513 1568 ³)
2578 1489 2810 1574 Pyrrhi

316 1600 657 1683 legationis
713 1600 1020 1684 principi,
1077 1600 1310 1684 legatis
1358 1600 1731 1664 Aetolorum
1744 1602 1788 1679 ⁴)
1845 1621 1907 1666 a.
1954 1603 2226 1677 5641190
2286 1607 2351 1665 et
2404 1619 2462 1664 a.
2514 1601 2807 1680 5651189,

315 1709 542 1773 Persei
553 1711 596 1790 ⁵)
641 1731 700 1776 a.
734 1713 1027 1792 583l171‚
1072 1709 1538 1789 Mithradatw)
1569 1731 1628 1777 a.
1659 1713 1891 1788 664190
1934 1710 2379 1776 denuntiatum
2425 1715 2539 1792 est,
2583 1709 2807 1796 urbem

317 1821 542 1888 eodem
599 1819 706 1906 die
757 1821 1209 1904 relinquerent.
1297 1820 1429 1886 Sed
1483 1839 1613 1888 non
1669 1822 1876 1889 solum
1919 1821 2155 1903 Roma,
2213 1818 2331 1886 sed
2371 1818 2516 1903 ipsa
2558 1817 2807 1896 Italia⁷)

312 1931 394 1997 iis
451 1938 621 1998 certo
686 1932 990 2016 temporis
1057 1930 1265 2016 spatio
1332 1931 1772 1999 excedendum
1828 1950 1970 1998 esse
2025 1937 2286 1998 senatus
2338 1928 2619 1995 iubebat.
2706 1927 2811 1994 Ita

314 2041 508 2107 Italia
571 2041 883 2112 excedere
945 2042 1244 2107 iubentur
1298 2041 1665 2108 Aetolorum
1681 2041 1731 2125 ⁴)
1797 2041 1996 2125 legati
2061 2040 2239 2108 missi
2290 2059 2349 2106 a.
2413 2041 2683 2116 5641190
2744 2045 2810 2104 et

313 2172 375 2216 a.
421 2153 693 2228 5651189
748 2151 919 2217 intra
962 2151 1307 2235 quindecim
1351 2150 1522 2235 dies,
1582 2151 1800 2217 Persei
1842 2171 1902 2216 a.
1951 2153 2215 2229 583s171
2265 2149 2443 2215 missi
2484 2150 2654 2214 intra
2696 2169 2811 2210 un-

315 2261 513 2324 decim
524 2262 568 2338 ⁸)
636 2260 774 2327 dies
789 2307 805 2340 ,
871 2258 1067 2325 iidem
1134 2260 1359 2326 eodem
1424 2281 1594 2326 anno
1660 2261 1838 2328 missi
1891 2261 2063 2327 intra
2117 2260 2499 2344 trigesimum
2512 2259 2557 2336 ⁹)
2615 2257 2807 2323 diem.

313 2369 660 2454 Iugurthae
675 2372 740 2446 ¹⁰)
784 2375 998 2436 autem
1029 2368 1225 2452 legati
1262 2388 1400 2435 cum
1431 2369 1699 2436 Romam
1730 2371 2173 2451 adventarent,
2211 2376 2473 2436 senatus
2503 2367 2807 2452 decrevit,

313 2481 379 2545 ni
436 2498 702 2562 regnum
758 2480 1095 2564 ipsumque
1153 2479 1439 2548 deditum
1482 2481 1814 2548 venissent
1855 2480 1947 2546 uti
1988 2479 2057 2544 in
2104 2478 2329 2546 diebus
2372 2478 2681 2562 proximis
2723 2479 2807 2544 X.

311 2590 510 2657 Italia
551 2589 955 2658 decederent.
2383 2678 2389 2687 Ι

484 2700 666 2780 Quae
710 2720 852 2767 cum
895 2701 989 2767 ita
1029 2700 1176 2785 sint,
1222 2701 1288 2767 in
1320 2702 1685 2769 universum
1714 2699 2001 2766 iudicare
2028 2700 2195 2784 licet,
2240 2704 2530 2766 senatum
2561 2699 2809 2782 legatos

313 2829 476 2895 pace
516 2809 756 2877 infecta
801 2810 1096 2877 dimissos
1140 2811 1419 2893 iussisse,
1465 2811 1691 2879 eodem
1738 2810 1842 2877 die
1884 2811 2060 2893 urbe,
2106 2811 2274 2876 intra
2304 2808 2625 2892 quoddam
2654 2816 2811 2875 tem-

313 2921 488 3005 poris
531 2919 809 3005 spatium
856 2925 955 3000 (eo
997 2920 1270 3004 brevius,
1317 2940 1441 3004 quo
1483 2922 1690 3004 magis
1734 2922 1933 2987 iratus
1977 2920 2095 2987 fuit
2137 2923 2421 2999 senatus)
2464 2920 2654 2986 Italia
2696 2938 2811 2987 ex-

312 3029 564 3098 cedere.
629 3030 728 3096 Ea
745 3034 809 3105 ¹¹)
839 3030 1031 3112 igitur
1058 3037 1350 3096 senatum
1383 3030 1742 3099 decrevisse
1772 3030 2118 3097 verisimile
2149 3037 2247 3097 est
2278 3030 2359 3096 de
2387 3031 2618 3112 legatis
2648 3049 2810 3115 pace

311 3140 551 3207 infecta
604 3139 912 3207 dimissis:

315 3250 697 3317 Samnitium
740 3270 800 3316 a.
847 3254 1119 3328 4501304
1165 3251 1327 3324 (Liv.
1373 3250 1491 3333 IX,
1538 3256 1665 3333 45),

315 3360 677 3426 Insubrium
723 3381 781 3427 a.
826 3363 1099 3439 5321222
1145 3361 1304 3439 (Pol.
1349 3360 1434 3443 H,
1480 3364 1603 3439 34),

316 3468 941 3553 Carthaginiensium
985 3491 1044 3535 a.
1093 3474 1362 3547 5511203
1411 3470 1572 3549 (Liv.
1620 3470 1838 3550 XXX,
1886 3474 2013 3553 23),

459 3642 507 3703 1)
540 3637 658 3693 Liv.
695 3637 766 3705 H,
801 3642 850 3705 3,
886 3644 934 3691 4.
998 3638 1134 3693 Zon.
1168 3637 1317 3701 VIII,
1352 3643 1399 3692 4.
1455 3637 1597 3693 Tota
1631 3639 1698 3694 de
1732 3654 1791 3693 re
1824 3656 1873 3693 v.
1908 3636 2053 3693 infra
2085 3653 2141 3706 p.
2174 3642 2261 3691 55.
2400 3639 2450 3700 2)
2485 3636 2600 3691 Pol.
2634 3635 2809 3689 XXII.

321 3736 400 3787 11.
455 3730 711 3798 XXXIII,
757 3735 804 3786 5.
874 3730 996 3785 Liv.
1049 3729 1220 3797 XLII,
1267 3734 1350 3785 48.
1421 3730 1611 3799 Itaque
1647 3729 1963 3786 Carthaloni
2015 3728 2471 3799 Carthaginiensi,
2522 3730 2808 3797 legationis

315 3822 688 3880 Romanorum
722 3824 867 3893 apud
887 3825 1100 3881 Cannas
1129 3826 1412 3892 captorum
1444 3822 1695 3893 principi,
1732 3822 1890 3878 lictor
1924 3828 2008 3877 est
2034 3822 2245 3878 obviam
2278 3823 2491 3889 missus,
2528 3822 2620 3890 qui
2638 3821 2811 3876 dicta·

313 3917 452 3973 toris
483 3918 647 3972 verba
678 3918 972 3984 nuntiaret,
1006 3923 1070 3972 ut
1102 3923 1229 3972 ante
1262 3920 1475 3972 noctem
1511 3918 1793 3971 excederet
1826 3916 2025 3971 finibus
2052 3916 2327 3971 Romanis.
2363 3915 2497 3981 (Liv.
2522 3914 2699 3982 XXII,
2725 3919 2809 3969 58.

317 4008 470 4065 Cass.
507 4010 668 4065 Dion.
710 4010 779 4066 fr.
818 4015 882 4067 36
917 4010 1046 4078 Dd.)
1247 4014 1298 4077 3)
1333 4010 1478 4079 App.
1515 4008 1657 4065 Sam.
1698 4014 1777 4063 10.
1847 4009 1989 4065 Plut.
2027 4009 2215 4079 Pyrrh.
2256 4012 2334 4064 19.
2405 4008 2538 4064 Zon.
2573 4008 2724 4074 VIII,
2759 4013 2809 4063 4.

316 4102 466 4158 Flor.
499 4104 544 4169 I,
573 4107 644 4157 18.
689 4104 919 4173 Eutrop.
953 4102 1023 4169 H,
1047 4108 1123 4159 13.
1166 4120 1217 4158 v.
1253 4103 1520 4159 Niebuhri
1551 4102 1680 4159 hist.
1716 4102 1873 4158 Rom.
1907 4102 2005 4167 ΠΙ,
2041 4107 2140 4158 563
2176 4103 2301 4158 adn.
2338 4107 2454 4156 844.
2490 4101 2814 4157 Mommseni

283 4194 443 4251 hist.
480 4194 634 4250 Rom.
669 4197 713 4261 Ι,
749 4201 865 4251 402.
1003 4204 1055 4264 4)
1088 4197 1206 4252 Pol.
1241 4197 1390 4263 XXI,
1416 4202 1461 4251 1.
1509 4197 1625 4251 Liv.
1662 4196 1941 4262 XXXVII,
1974 4202 2017 4249 1.
2065 4195 2344 4260 XXXVII,
2381 4200 2463 4249 49.
2603 4199 2652 4258 5)
2689 4194 2807 4249 Pol.

317 4286 544 4347 XXVII.
583 4293 636 4356 7..
706 4289 822 4343 Liv.
856 4290 1026 4358 XLII,
1062 4296 1142 4346 48.
1198 4293 1340 4361 App.
1376 4292 1470 4357 IX,
1506 4288 1609 4345 ἐκλ.
1649 4294 1696 4355 9,
1735 4296 1783 4345 5.
1834 4290 1967 4345 Zon.
2002 4288 2097 4355 IX,
2136 4293 2217 4342 22.
2373 4292 2425 4354 6)
2464 4288 2613 4342 Cass.
2648 4286 2809 4341 Dion.

295 4381 385 4435 ·fr.
415 4387 497 4446 99,
523 4386 552 4436 2
574 4382 680 4438 Dd.
818 4386 868 4450 7)
901 4384 1038 4439 Item
1070 4384 1302 4440 Perseus
1335 4384 1526 4453 legatis
1561 4383 1821 4440 Romanis
1856 4398 1907 4439 a.
1944 4384 2164 4450 5821172
2200 4381 2498 4451 imperavit,
2533 4384 2597 4435 ut
2628 4380 2809 4436 triduo

316 4474 471 4543 regni
505 4474 591 4529 sui
623 4476 946 4531 excederent
977 4476 1192 4533 finibus.
1366 4481 1416 4533 8)
1457 4477 1574 4533 Liv.
1609 4476 1782 4545 XLII,
1820 4480 1903 4531 36.
2079 4479 2131 4537 9)
2178 4475 2292 4531 Pol.
2328 4473 2556 4539 XXVII,
2592 4479 2639 4527 7.
2692 4472 2809 4527 Liv.
2902 4518 2911 4527 ,

317 4564 488 4631 XLII,
525 4574 608 4625 48.
660 4570 801 4639 App.
837 4568 935 4637 IX,
971 4574 1018 4624 2.
1071 4570 1200 4625 Zon.
1236 4569 1332 4634 IX,
1369 4574 1450 4624 22.
1593 4574 1674 4634 ιο)
1712 4568 1840 4626 san.
1876 4569 1988 4639 1ug.
2026 4572 2109 4623 28.
2262 4570 2343 4633 11)
2380 4566 2569 4622 Italiae
2601 4566 2809 4623 incolas

316 4661 493 4717 iussos
530 4678 640 4718 non
673 4677 794 4719 esse
828 4663 988 4718 Italia
1023 4662 1295 4731 decedere,
1332 4678 1432 4732 per
1465 4677 1524 4719 se
1557 4665 1726 4732 patet.

2373 4749 2402 4799 3
