3400 5300
1623 281 2047 341 —54-

753 450 857 515 Ita
898 448 1174 512 Eumeni
1223 455 1290 508 ec
1329 447 1546 510 Attalo
1590 465 1857 512 munera
1899 445 2053 511 data
2094 465 2152 510 a.
2200 448 2495 524 5621192,
2516 447 2662 529 equi
2709 445 2867 530 duo,
2927 447 3084 514 bina

582 558 904 643 equestria
957 577 1136 624 arma
1195 562 1259 623 et
1316 576 1475 622 vasa
1528 562 1835 638 argentea
1892 562 2144 622 centum
2203 554 2418 638 pondo
2476 562 2543 622 et
2594 576 2790 623 aurea
2853 557 3084 640 viginti

582 668 801 754 pondo
831 667 993 745 (Liv.
1017 666 1294 747 XXXV,
1319 669 1448 748 23),
1479 667 1717 730 duobus
1750 664 2077 731 Gallorum
2107 664 2685 749 reyulisfratribus
2711 686 2773 731 a.
2807 671 3081 744 5841170

582 786 839 863 torques
853 781 895 854 ¹)
953 776 1079 842 duo
1137 796 1220 842 ex
1264 777 1321 841 V
1365 777 1581 860 pondo
1636 777 1776 842 auri
1820 777 1971 843 faeti
2015 783 2079 842 et
2120 795 2280 853 vasa
2324 783 2629 858 argentea
2672 776 2955 859 quinque
2994 795 3081 843 ex

582 889 811 972 viginti
859 887 1082 970 ,pondo
1141 895 1205 953 et
1263 887 1387 953 duo
1445 888 1591 970 equi
1647 887 1967 970 phalerati
2022 906 2164 952 cum
2220 873 2610 970 agasonibus
2655 891 2719 951 et
2762 888 3085 968 equestria

581 1019 763 1064 arma
817 1017 894 1064 ac
949 998 1180 1080 sagula
1193 999 1236 1076 2)
1293 997 1457 1075 (Liv.
1503 997 1747 1078 XLIII,
1795 1002 1891 1079 5),
1957 995 2284 1062 Gallorum
2344 995 2585 1060 cuidam
2641 996 2787 1078 reyi
2836 997 3081 1079 torquis

583 1129 815 1176 aureus
831 1111 875 1186 ¹)
918 1107 1044 1173 duo
1087 1107 1304 1191 pondo
1351 1115 1414 1173 et
1456 1112 1722 1190 paterae
1765 1127 2000 1174 aureae
2042 1113 2339 1190 quattuor
2381 1105 2628 1190 ponde,
2676 1127 2875 1189 equus
2916 1107 3082 1190 pha·

585 1221 823 1285 letatus
867 1238 1172 1301 armaque
1216 1218 1536 1301 equestria
1563 1217 1725 1296 (Liv.
1758 1219 1989 1298 XLIV,
2030 1223 2151 1298 14),
2198 1227 2262 1280 et
2288 1203 2628 1299 Musyabae
2656 1227 2722 1278 et
2748 1216 3089 1280 Nicomedi

583 1329 862 1392 Prusiae
900 1327 1049 1412 filio
1110 1349 1190 1394 ex
1234 1334 1497 1396 senatus
1539 1329 1831 1394 consulto
1874 1349 1933 1394 a.
1982 1331 2251 1402 5871167
2299 1347 2380 1393 ex
2425 1333 2677 1392 centum
2722 1326 2938 1411 pondo
2982 1348 3083 1392 ar·

583 1440 764 1522 genti
811 1438 972 1517 (Liv.
1004 1439 1199 1520 XLV,
1240 1443 1316 1502 14
1359 1439 1503 1504 coll.
1547 1439 1688 1504 Val.
1736 1441 1905 1505 Max.
1938 1439 2015 1504 V.
2045 1440 2095 1518 1,
2134 1443 2189 1502 1.
2232 1438 2372 1502 Liv.
2405 1437 2604 1518 XLV,
2638 1442 2765 1518 44),
2810 1437 3083 1501 Prusiae

586 1569 668 1616 ex
722 1547 761 1589 '¹‘
781 1592 822 1634 ,ἃ
845 1546 940 1624 ³¹⁶³)
997 1547 1306 1616 sestertiis
1365 1555 1432 1615 et
1473 1569 1769 1615 vasorum
1828 1555 2272 1634 argenteorum
2328 1546 2545 1632 pondo
2617 1547 3085 1631 quinquaginta

583 1661 748 1737 (Liv.
793 1658 991 1740 XLV,
1039 1663 1164 1736 44).
1251 1659 1625 1722 Masinissae
1668 1679 1852 1740 vere,
1912 1659 2014 1724 cui
2056 1659 2184 1724 iam
2229 1659 2443 1741 Scipio
2487 1679 2548 1724 a.
2596 1659 2865 1741 5511203
2912 1658 3082 1737 (Liv.

583 1772 796 1852 XXX,
833 1774 936 1850 15)
967 1789 1214 1836 summa
1243 1768 1521 1851 insignia
1551 1769 1837 1851 dederat,
1884 1777 2100 1835 tamen
2130 1775 2390 1834 senatus
2422 1767 2722 1851 decrevit,
2768 1767 3087 1834 mittenda

583 1899 727 1948 esse
792 1880 1019 1962 sagula
1033 1881 1078 1954 2)
1144 1899 1464 1962 purpurea
1528 1879 1654 1946 duo
1722 1899 1862 1945 cum
1925 1877 2135 1944 fibulis
2192 1879 2403 1944 aureis
2464 1878 2743 1961 ,singulis
2816 1884 2881 1943 et
2946 1878 3117 1964 lato·

579 1991 770 2056 clavo
814 1989 1046 2054 tunicis
1061 1991 1124 2067 ⁴),
1171 1989 1326 2054 bina
1372 1990 1690 2072 equestria
1735 2009 1914 2054 arma
1956 2009 2098 2054 cum
2133 1989 2345 2055 loricis
2375 1994 2441 2054 et
2469 1989 2889 2054 tabernacula
2916 1987 3086 2052 mili-

583 2107 911 2180 taremque
955 2098 1500 2181 supelleetilem⁶)‚
1547 2100 1803 2182 qualem
1846 2099 2139 2183 praeberi
2182 2100 2430 2165 consuli
2473 2119 2611 2164 mos
2657 2103 2794 2165 erat
2807 2097 2869 2176 ⁶).

751 2208 971 2293 Equos
1025 2227 1168 2274 esse
1227 2208 1411 2276 dat-os
1455 2229 1707 2294 semper
1749 2211 2149 2294 phaleratos,
2208 2229 2324 2294 per
2366 2229 2437 2275 se
2478 2208 2891 2291 intelligitur3
2938 2227 3083 2274 eum

575 2339 736 2384 ,vero
779 2319 912 2383 alia
946 2316 1263 2384 donorum
1297 2319 1645 2403 splendida
1673 2320 1821 2400 sint,
1868 2321 2064 2404 plane
2091 2320 2359 2386 facimus
2389 2339 2529 2385 cum
2560 2317 3087 2384 Weissenbornio

583 2427 694 2508 (ad
735 2428 876 2493 Liv.
922 2428 1151 2509 XXX,
1203 2434 1337 2512 17),
1396 2449 1506 2496 eos
1565 2449 1762 2512 equos
1818 2431 1971 2497 item
2027 2430 2161 2497 fere
2218 2437 2479 2497 ornatos
2537 2430 2735 2495 fuisse
2776 2436 2972 2512 atque
3011 2429 3086 2499 in

583 2536 939 2620 triumphis.
1015 2536 1175 2604 Cum
1215 2548 1429 2604 autem
1459 2545 1725 2622 constet,
1772 2539 1838 2605 in
1882 2539 2217 2623 triumphis
2266 2560 2463 2622 equos
2500 2547 2841 2606 exornatos
2883 2540 3087 2607 fuisse

583 2648 797 2714 aureis
862 2647 1232 2732 phaleris⁷),
1307 2671 1436 2715 non
1505 2649 1867 2717 dubitamus
1929 2649 2263 2734 colligere,
2337 2671 2533 2733 equos
2598 2652 2853 2735 regibus
2912 2651 3085 2717 dono

583 2759 811 2824 missos
871 2777 1124 2840 semper
1179 2760 1272 2823 ita
1324 2759 1664 2827 instructos
1721 2760 1933 2827 fuisse.
2023 2760 2289 2827 Accedit
2344 2776 2537 2827 unum
2584 2762 2867 2846 Appiani
2912 2762 3088 2828 testi·

583 2868 865 2931 monium
897 2867 1086 2951 (App.
1119 2869 1278 2934 Pun.
1311 2872 1434 2952 32),
1482 2892 1518 2937 e
1563 2891 1685 2954 quo
1730 2880 2061 2939 senatores
2089 2872 2467 2939 Masinissae
2510 2872 2820 2938 miserunt
2862 2862 3083 2936 ῗπφὲον

580 2974 1109 3061 χρυσοφάλαρον.
1158 2978 1339 3057 Quae
1369 3000 1510 3046 cum
1540 2980 1632 3047 ita
1659 2982 1807 3063 sint,
1840 2982 1923 3048 de
1954 2982 2339 3069 equestribus
2368 3003 2611 3069 quoque
2638 2985 2832 3047 armis
2861 2989 3085 3049 contra

583 3085 932 3153 lexicorum
965 3093 1028 3154 et
1057 3088 1388 3173 Spengelii
1425 3092 1678 3169 (Philol.
1708 3094 1922 3174 XXII,
1958 3096 2061 3169 98)
2092 3095 2532 3160 auctoritatem
2564 3094 3083 3169 Weissenbornio

581 3199 986 3265 assentimur.
1048 3200 1118 3265 Si
1149 3200 1317 3265 enim
1349 3203 1669 3285 equestria
1712 3222 1893 3267 arma
1936 3210 2153 3269 essent
2179 3210 2579 3269 armamenta
2621 3204 2891 3287 „quibus
2922 3224 3083 3287 opus

584 3314 683 3373 est
714 3307 798 3373 ad
830 3328 1058 3391 equum
1088 3310 1439 3393 regendum
1471 3320 1535 3377 et
1565 3312 2004 3378 exornandum
2024 3318 2069 3396 “,
2104 3320 2179 3378 -et
2209 3314 2345 3378 Liv.
2377 3315 2615 3396 XLIII,
2649 3321 2686 3380 5
2724 3315 3085 3400 scripsisset

726 3529 774 3590 1)
819 3525 990 3580 Gallis
1027 3541 1126 3581 cur
1161 3530 1384 3596 torques
1421 3527 1534 3583 dati
1569 3528 1703 3594 sint,
1741 3528 1903 3584 facile
1940 3529 2225 3597 intellegit,
2264 3532 2356 3601 qui
2392 3548 2501 3587 non
2532 3533 2731 3598 nescit,
2768 3536 2987 3600 torques
3024 3534 3083 3585 et

585 3620 814 3673 annulos
867 3633 1052 3673 eorum
1095 3619 1264 3674 fuisse
1311 3627 1626 3676 ornamenta
1673 3622 2027 3677 usitatissima
2081 3607 2522 3690 (Liv.V111,'10.
2578 3627 2722 3681 Flor.
2759 3626 2838 3692 Π,
2876 3630 2944 3690 4).

577 3700 638 3775 ’2)
675 3710 946 3780 Sagulum,
983 3712 1234 3765 vestitum
1268 3713 1570 3781 militarem,
1605 3716 1820 3784 regibus
1860 3716 1999 3770 dono
2031 3715 2215 3770 datum
2249 3716 2417 3772 fuisse
2452 3734 2778 3788 purpureum
2815 3723 2869 3773 et
2902 3718 3083 3773 fibulis

585 3805 765 3859 aureis
803 3806 1118 3859 contentum
1155 3808 1222 3870 (v.
1261 3804 1480 3875 Paulyi:
1517 3806 1773 3863 Realenc.
1794 3808 1891 3873 VI,
1916 3816 1960 3875 1,
1982 3813 2101 3863 680.
2139 3809 2315 3865 Varro
2352 3826 2439 3879 ap.
2466 3812 2607 3865 Non.
2644 3812 2741 3876 III,
2782 3816 2899 3866 201.
2934 3811 3079 3877 XIV,

589 3901 690 3964 10),
727 3911 825 3965 per
860 3912 918 3951 se
952 3901 1118 3965 patet.
1261 3901 1311 3962 3)
1347 3898 1485 3953 Filio
1521 3901 1694 3956 minus
1732 3901 1933 3957 donum
1970 3894 2089 3957 esse
2126 3902 2330 3969 datum,
2368 3919 2529 3971 quam
2548 3905 2693 3973 patri
2714 3920 2811 3973 per
2834 3921 2891 3959 se
2912 3908 3079 3972 patet.

585 3989 690 4044 Cui
724 4004 848 4043 vero
889 4005 1012 4044 cum
1045 4005 1295 4045 vasorum
1332 3997 1711 4062 argenteorum
1745 3995 1925 4064 pondo
1963 3995 2352 4065 quinquaginta
2398 3998 2433 4050 i.
2471 4013 2515 4051 e.
2555 4002 2719 4051 20000
2755 3997 2845 4051 HS
2881 3997 3083 4051 donum

585 4082 928 4151 praebeatur,
961 4097 1142 4137 nonne
1173 4084 1462 4140 verisimile
1499 4091 1598 4151 est,
1633 4104 1829 4142 munus
1868 4089 2014 4156 apud
2051 4088 2262 4143 Livium
2299 4090 2622 4145 antecedens
2657 4089 2826 4145 fuisse
2863 4096 3081 4145 centum

585 4174 810 4228 millium
845 4176 985 4230 aeris
1022 4180 1088 4242 (v.
1109 4176 1225 4230 Liv.
1247 4176 1418 4245 XLII,
1439 4185 1487 4240 6)
1525 4180 1709 4249 itaque
1743 4180 1801 4235 in
1837 4182 2033 4235 lacuna
2058 4182 2098 4236 C
2134 4182 2305 4237 fuisse
2341 4184 2567 4252 signum,
2604 4201 2707 4251 quo
2742 4185 2839 4239 illa
2872 4199 3079 4239 summa

585 4267 1016 4347 significaretur?
1152 4273 1205 4334 4)
1241 4286 1290 4324 v.
1317 4270 1661 4327 Mommseni:
1699 4273 1853 4329 Rom.
1883 4275 2109 4331 Staatsr.
2147 4276 2191 4340 Ι,
2229 4280 2326 4331 336
2362 4293 2410 4330 v.
2431 4293 2487 4345 p.
2511 4282 2575 4332 53
2611 4278 2735 4332 adn.
2758 4283 2806 4332 2.
2944 4282 2995 4342 5)
3032 4294 3080 4331 v.

577 4360 968 4429 Marquardtii:
1005 4360 1220 4417 Handb.
1242 4362 1294 4416 d.
1314 4380 1355 4417 r.
1376 4366 1442 4417 A.
1464 4365 1769 4432 111,1,281.
1908 4372 1959 4432 6)
1996 4368 2145 4435 Quae
2177 4368 2413 4424 fuissent
2446 4370 2601 4437 τιμαὶ
2637 4364 2980 4441 ἆρμόζουσαι
3015 4372 3083 4441 τῇ

585 4450 721 4505 καθ’
765 4452 933 4506 αὑτὸν
970 4452 1145 4521 ἡλικίᾳ
1171 4456 1377 4522 Attalo,
1401 4458 1660 4514 Eumenis
1685 4458 1869 4527 filiolo,
1905 4460 2171 4527 tributae,
2194 4462 2436 4530 equidem
2460 4464 2747 4519 enucleare
2781 4480 2890 4519 non
2924 4464 3083 4533 potui

581 4544 724 4610 (Pol.
761 4546 1024 4609 XXXIII,
1067 4552 1174 4614 16);
1223 4546 1454 4605 fortasse
1489 4548 1555 4605 de
1598 4552 1747 4607 bulla
1792 4568 1959 4608 aurea
2003 4560 2056 4609 et
2102 4555 2364 4611 similibus
2400 4557 2563 4612 rebus
2598 4563 2683 4613 est
2719 4556 3082 4627 cogitandum.

586 4644 640 4704 7)
679 4637 828 4694 Suet.
869 4638 1051 4693 Claud.
1099 4645 1172 4693 17.
1229 4640 1393 4709 Calig.
1437 4647 1512 4697 19.
1569 4643 1684 4698 Liv.
1720 4644 1947 4712 XXVII,
1990 4653 2045 4700 ¹7
2086 4649 2204 4703 coll.
2241 4648 2356 4703 Pol.
2392 4650 2593 4717 XXXI,
2630 4656 2677 4705 3.
2716 4658 2763 4706 6.
