3400 5300
1613 297 2040 360 -52-

744 466 1029 549 Regibus
1072 463 1264 547 igitur
1310 462 1578 546 singulis
1622 482 1753 528 una
1796 482 1938 528 cum
1981 467 2321 545 quaestore
2355 465 2624 529 Romam
2668 464 3078 531 venientibus

574 579 657 643 ab
691 596 766 644 eo
798 575 1174 659 magistratu
1213 574 1592 657 plerumque
1635 572 1833 639 aedes
1874 573 2121 639 liberae
2134 576 2197 656 ¹),
2244 592 2407 656 quae
2452 574 2660 657 ipsum
2703 594 2921 658 regem
2965 595 3077 642 co-

573 688 887 769 mitesque
915 684 1291 767 reciperent,
1324 682 1847 749 conducebantur
1867 689 2299 767 sumptusque,
2332 683 2544 766 quoad
2565 684 2632 750 in
2655 685 2847 750 Italia
2869 692 3075 767 erant,

574 796 1002 882 praebebatur
1045 793 1206 871 (Liv.
1251 793 1450 873 XLV,
1503 798 1598 858 14.
1645 797 1774 867 44).

748 911 807 971 2.
850 905 1140 968 Munera.

743 1016 1026 1100 Regibus
1070 1013 1280 1095 sociis,
1326 1033 1469 1079 cum
1511 1019 1805 1078 senatum
1849 1012 2177 1095 adiissent,
2221 1013 2375 1081 item
2404 1022 2474 1081 ut
2502 1016 2813 1082 sociorum
2841 1017 3079 1100 legatis

578 1148 615 1195 e
669 1132 930 1194 senatus
987 1125 1276 1190 consulto
1331 1142 1599 1190 munera
1655 1141 1799 1189 esse
1849 1123 2175 1206 praebita,
2237 1146 2352 1210 per
2410 1147 2481 1193 se
2535 1133 2731 1210 patet.
2817 1126 2949 1194 Sed
3002 1134 3079 1193 ut

577 1236 857 1304 muneris
901 1254 1148 1302 summa
1189 1233 1482 1316 minima,
1537 1252 1702 1315 quae
1744 1231 2061 1299 sociorum
2102 1236 2335 1318 legatis
2380 1235 2668 1318 daretur,
2716 1243 2885 1304 certe
2927 1258 3081 1304 con-

577 1350 801 1416 stituta
857 1365 1002 1412 esse
1056 1343 1340 1421 videtur,
1400 1343 1493 1409 ita
1547 1344 1612 1408 in
1671 1345 2057 1410 contrarium
2107 1365 2373 1412 munera
2415 1366 2663 1412 summa
2707 1353 2772 1413 et
2815 1348 3080 1414 honori-

578 1457 1021 1537 ficentissima,
1101 1473 1265 1538 quae
1327 1453 1586 1536 regibus
1655 1451 1963 1520 darentur
2034 1462 2145 1521 aut
2212 1456 2586 1523 absentibus
2656 1458 3074 1541 mitterentur,

577 1589 756 1636 more
799 1566 1107 1633 maiorum
1153 1569 1392 1631 statuta
1437 1581 1579 1628 esse
1621 1562 1938 1629 videntur.

751 1677 909 1743 Cum
955 1678 1124 1742 enim
1168 1673 1420 1758 imperii
1463 1672 1823 1755 insignia2)‚
1869 1674 2095 1756 quibus
2123 1677 2397 1742 Romani
2439 1697 2624 1762 reges
2666 1699 2815 1746 suos
2845 1693 3081 1747 ornare

578 1790 892 1870 solerent,
953 1792 1167 1852 essent
1211 1791 1274 1850 et
1315 1782 1473 1846 sella
1516 1781 1808 1861 curuli-9³)
1854 1793 1920 1845 et
1956 1795 2265 1870 sceptrum
2307 1789 2373 1850 in
2414 1790 2762 1853 summitate
2804 1792 3081 1876 aquilam

497 1939 500 1944 -
581 1898 812 1962 habeus
826 1897 870 1979 ⁴)
916 1905 980 1959 et
1019 1905 1166 1977 coya
1200 1895 1378 1978 pieta
1421 1893 1751 1976 tunicaque
1788 1893 2070 1976 palmata
2084 1897 2129 1971 ⁵)
2173 1898 2602 1963 Romanorum
2632 1907 2891 1966 senatus
2906 1901 2973 1982 ⁶),
2990 1900 3081 1966 ·si

580 2026 766 2089 reges
813 2012 1114 2071 externos
1157 2003 1364 2068 socios
1409 2007 1473 2067 et
1516 2003 1755 2068 amicos
1800 2003 2021 2087 populi
2048 2007 2322 2072 Romani
2365 2009 2697 2092 appellare
2729 2030 3078 2094 eorumque

579 2115 917 2200 imperium
972 2133 1090 2180 sua
1145 2111 1520 2179 auctoritate
1563 2114 1815 2179 sancire
1858 2113 2150 2197 volebat,
2208 2135 2286 2182 ea
2328 2138 2595 2184 munera
2637 2119 2894 2204 regibus
2936 2121 3081 2186 mit-

581 2225 782 2293 tenda
839 2244 980 2291 esse
1035 2222 1357 2290 censebat.
1447 2222 1582 2289 Sed
1635 2242 2113 2307 nonnumquam
2169 2225 2393 2308 fiebat,
2451 2235 2521 2293 ut
2577 2236 2641 2295 et
2682 2250 2813 2296 non
2855 2231 3078 2296 omnia

582 2339 700 2403 illa
743 2336 915 2402 dona
956 2334 1434 2419 praeberentur,
1480 2332 1597 2398 sed
1639 2332 1830 2398 modo
1874 2334 1997 2400 hoc
2038 2334 2229 2402 modo
2274 2337 2435 2403 illud
2479 2334 2893 2406 omitteretur'
2916 2345 2981 2405 et
3008 2347 3083 2406 ut

582 2465 851 2512 munera
890 2444 1152 2528 insuper
1196 2442 1498 2509 darentur
1539 2443 1689 2508 alia.
1775 2444 1913 2508 Iam
1956 2445 2101 2528 ipsa
2143 2448 2473 2530 exempla,
2532 2468 2697 2533 quae
2741 2455 2997 2532 extant,
3042 2469 3085 2515 e

581 2565 938 2640 temporum
983 2554 1208 2620 ordine
1253 2551 1608 2619 accuratius
1651 2573 2037 2620 enarremus.

754 2667 1180 2742 Porsennae⁷)
1237 2671 1496 2730 senatus
1551 2684 1611 2730 a.
1666 2668 1938 2743 2461508
1996 2665 2281 2732 decrevit
2337 2666 2508 2732 dona
2563 2688 2705 2735 esse
2766 2668 3083 2735 mittenda

586 2779 800 2858 (Dion.
847 2776 959 2857 IV,
1007 2778 1111 2853 54)
1156 2774 1348 2840 haec:
1400 2770 1646 2857 θρόνον
1692 2771 2117 2860 ἐλεφάντινον
2160 2776 2204 2841 i.
2250 2796 2305 2843 e.
2351 2778 2581 2843 sellam
2624 2780 2923 2861 curulem,
2969 2778 3083 2844 καὶ

588 2888 922 2972 σκῆπτρον
960 2884 1008 2949 -i.
1055 2868 1108 2950 e.
1157 2884 1506 2967 scipionem
1551 2886 1919 2969 eburneum,
1964 2884 2075 2951 καὶ
2119 2890 2447 2971 στέφανον
2488 2884 2762 2969 χρύσεον
2807 2891 2849 2954 i.
2880 2909 2935 2956 e.
2980 2910 3083 2955 co·

583 3010 829 3062 ronam·
854 3014 1133 3076 auream,
1178 2994 1284 3057 καὶ
1333 2994 1737 3080 θριαμβικὴν
1783 2994 2045 3084 ἐσθῆτα
2085 2997 2127 3061 i.
2161 3016 2216 3063 e.
2259 3004 2500 3063 vestem
2545 3000 2995 3083 triumphalem
3012 3002 3081 3081 ⁸),

587 3099 710 3191 ὕφ’
757 3092 834 3192 ἧς
879 3104 943 3169 οἱ
985 3104 1284 3186 βασιλεῖς
1328 3101 1743 3184 ἐκοσμοῦντο.
1810 3108 1958 3173 Una
1985 3126 2127 3173 cum
2156 3108 2407 3191 imperii
2435 3108 2790 3191 insignibus
2818 3110 3084 3175 missam

589 3238 731 3284 esse
761 3216 1071 3283 'coronam
1114 3234 1392 3297 auream,
1437 3215 1745 3282 victoriae
1788 3218 2060 3300 signum,
2106 3238 2236 3283 non
2281 3217 2566 3285 offendit.

733 3371 777 3433 1)
813 3366 898 3421 De
931 3366 1153 3421 aedibus
1187 3364 1370 3419 liberis
1422 3381 1470 3418 v.
1507 3380 1674 3434 supra
1708 3380 1763 3434 p.
1804 3370 1883 3419 11.
1954 3365 2067 3421 Eas
2102 3369 2285 3422 autem
2318 3367 2488 3423 fuisse
2535 3369 2830 3423 instructas
2880 3383 2979 3437 per
3022 3384 3085 3424 se

587 3463 740 3530 patet
785 3459 912 3523 (Liv.
958 3458 1138 3523 XLII,
1185 3459 1286 3522 19).
1373 3457 1564 3526 Itaque
1622 3464 1771 3512 recte
1805 3457 2105 3515 Weiskius:
2171 3457 2596 3516 considerations
2647 3462 2973 3531 historiques
3026 3468 3083 3517 et

593 3552 1001 3622 diplomatiques
1038 3566 1132 3604 sur
1162 3552 1243 3605 les
1279 3549 1624 3605 ambassades
1661 3550 1755 3605 des
1792 3551 2049 3607 Romains
2084 3553 2174 3607 Zv.
2210 3557 2357 3617 1834,
2403 3571 2456 3623 p.
2494 3558 2558 3608 52
2596 3558 2626 3620 ἓ
2662 3559 2725 3609 36
2781 3555 2910 3609 dicit
2941 3556 3078 3610 haec

594 3647 666 3711 „il
707 3664 742 3715 y
790 3662 823 3698 a
867 3642 1018 3698 aussi
1060 3642 1153 3697 des
1204 3644 1471 3710 exemples
1516 3660 1619 3712 que
1662 3645 1713 3699 le
1757 3647 1910 3699 senat
1945 3644 2176 3700 Romain
2221 3646 2285 3701 fit
2316 3648 2469 3702 louer
2503 3647 2597 3701 des
2633 3646 2804 3701 hotels
2836 3650 3079 3718 qarnis“.

595 3744 646 3805 2)
681 3756 730 3793 v.
767 3736 988 3805 Langii:
1023 3736 1086 3790 R..
1123 3738 1188 3787 A.
1225 3737 1290 3803 1³,
1329 3741 1444 3790 317.
1497 3737 1834 3793 Mommseni:
1873 3739 2025 3793 Rom.
2063 3738 2289 3793 Staatsr.
2324 3740 2393 3805 H,
2435 3745 2479 3806 1,
2516 3744 2633 3793 485·
2789 3744 2841 3807 3)
2876 3740 3083 3810 θρόνος

593 3826 946 3901 ἐλεφάντινος
979 3830 1221 3899 (Dionys.
1258 3830 1355 3896 ΙΠ,
1381 3833 1466 3895 61)
1503 3829 1707 3900 δίφρος
1740 3830 2090 3901 ἐλεφάντινος
2122 3832 2257 3899 (Pol.
2292 3830 2521 3893 XXXII,
2558 3838 2605 3886 5.
2639 3832 2783 3902 App.
2817 3834 2957 3889 Pun.
2995 3838 3081 3901 32)

595 3925 728 3981 sella
777 3923 978 3979 curulis
1022 3921 1170 3990 regia
1217 3922 1351 3988 (Liv.
1397 3923 1440 3990 Ι,
1487 3927 1572 3989 20)
1617 3923 1751 3979 sella
1798 3925 2037 3981 eburnea
2082 3926 2213 3989 (Liv.
2248 3924 2476 3989 XXVII,
2514 3927 2582 3989 4).
2650 3942 2698 3979 v.
2735 3926 3083 3983 Mommseni:

593 4018 750 4073 Rom.
787 4016 1014 4070 Staatsr.
1049 4014 1094 4082 Ι,
1133 4019 1246 4068 316.
1402 4018 1454 4081 4)
1490 4015 1666 4085 Scipio
1704 4017 1969 4073 eburneus
2004 4018 2362 4086 (Mommseni:
2410 4018 2567 4073 Rom.
2605 4018 2832 4074 Staatsr.
2868 4021 2909 4088 Ι,
2947 4026 3083 4087 342).
3158 4012 3161 4015 ’

594 4115 648 4177 5)
683 4128 730 4165 v.
767 4107 1087 4163 Mommseni
1121 4108 1154 4161 l.
1189 4123 1234 4160 c.
1272 4113 1324 4162 et
1358 4124 1414 4177 p.
1451 4112 1568 4163 328.
1741 4114 1792 4175 6)
1829 4111 2133 4181 Scipionem
2168 4128 2267 4167 sua
2302 4118 2495 4182 sponte
2527 4112 2663 4167 haec
2710 4105 2883 4181 ‘regia
2919 4109 3076 4169 dona’

595 4202 919 4257 Masinissae
953 4200 1182 4267 dedisse,
1222 4218 1342 4256 cum
1361 4202 1546 4257 Livius
1581 4204 1770 4256 narrat
1792 4203 1927 4269 (Liv.
1945 4203 2117 4269 XXX,
2140 4209 2221 4271 15)
2246 4220 2368 4259 eum
2394 4205 2529 4261 fines
2562 4203 2777 4274 imperii
2811 4220 3085 4275 egressum

591 4312 714 4352 csse
760 4297 928 4364 patet,
978 4294 1162 4363 itaque
1211 4310 1430 4350 necesse
1467 4294 1635 4351 fuisse
1667 4296 1963 4351 Masinissa
2009 4295 2213 4351 Romae
2257 4303 2491 4366 peteret,
2540 4303 2605 4353 ut
2648 4298 2855 4366 regium
2890 4314 3085 4354 nomen

601 4395 884 4459 ceteraque
919 4386 1182 4443 beneficia
1216 4392 1271 4443 et
1304 4403 1528 4443 munera
1561 4388 1829 4459 Scipionis
1865 4392 2085 4445 senatus
2122 4390 2335 4447 decreto
2380 4391 2854 4455 confirmarentur,
2898 4392 3084 4448 Livius

596 4481 771 4547 XXX,
811 4486 869 4535 17
913 4480 1152 4535 tradidit.
1346 4485 1398 4547 7)
1450 4481 1556 4536 Per
1595 4497 1656 4537 se
1698 4484 1875 4551 patet,
1924 4481 1995 4536 ad
2041 4500 2107 4537 ea
2149 4478 2395 4551 tempora
2447 4484 2589 4538 hanc
2642 4485 3087 4541 consuetudinem

589 4574 958 4645 posteriorum
993 4578 1296 4643 temporum
1331 4574 1399 4629 ab
1451 4575 1805 4644 scriptoribus
1849 4576 2173 4631 translatum
2209 4592 2346 4635 esse,
2517 4580 2568 4643 8)
2612 4577 2716 4632 Est
2757 4584 2885 4647 toga
2931 4580 3083 4647 picta

595 4666 886 4733 tunicaque
919 4665 1172 4733 palmata.
1241 4684 1291 4721 v.
1328 4666 1675 4723 Mommseni:
1725 4668 1877 4723 Rom.
1916 4668 2144 4724 Staatsr.
2179 4670 2223 4736 I,
2260 4674 2374 4725 329.
